<?xml version="1.0" encoding="UTF-8"?>
<!DOCTYPE html PUBLIC "-//W3C//DTD XHTML 1.0 Transitional//EN"
    "http://www.w3.org/TR/xhtml1/DTD/xhtml1-transitional.dtd">
<html xmlns="http://www.w3.org/1999/xhtml" xml:lang="en" lang="en">
 <head>
  <title>
</title>
<meta http-equiv="Content-Type" content="text/html;charset=utf-8" />
  <meta name='ocr-system' content='tesseract 3.04.00' />
  <meta name='ocr-capabilities' content='ocr_page ocr_carea ocr_par ocr_line ocrx_word'/>
</head>
<body>
  <div class='ocr_page' id='page_1' title='image "./qustionessymmac00koregoog_0017.png"; bbox 0 0 3214 5012; ppageno 0'>
   <div class='ocr_carea' id='block_1_1' title="bbox 271 279 377 343">
    <p class='ocr_par' dir='ltr' id='par_1_1' title="bbox 271 279 377 343">
     <span class='ocr_line' id='line_1_1' title="bbox 271 279 377 343; baseline -0.047 0"><span class='ocrx_word' id='word_1_1' title='bbox 271 279 290 343; x_wconf 90' lang='lat'><em>8</em></span> <span class='ocrx_word' id='word_1_2' title='bbox 375 329 377 338; x_wconf 93' lang='lat'><em>.</em></span> 
     </span>
    </p>
   </div>
   <div class='ocr_carea' id='block_1_2' title="bbox 234 461 1508 4559">
    <p class='ocr_par' dir='ltr' id='par_1_2' title="bbox 234 461 1414 2853">
     <span class='ocr_line' id='line_1_2' title="bbox 271 461 1401 548; baseline -0.004 -17"><span class='ocrx_word' id='word_1_3' title='bbox 271 466 410 548; x_wconf 91' lang='lat' dir='ltr'><strong>tempora</strong></span> <span class='ocrx_word' id='word_1_4' title='bbox 442 464 475 529; x_wconf 94' lang='lat' dir='ltr'><strong>in</strong></span> <span class='ocrx_word' id='word_1_5' title='bbox 509 463 669 529; x_wconf 91' lang='lat' dir='ltr'><strong>hominum</strong></span> <span class='ocrx_word' id='word_1_6' title='bbox 698 465 785 528; x_wconf 88' lang='lat' dir='ltr'><strong>sedes</strong></span> <span class='ocrx_word' id='word_1_7' title='bbox 819 462 947 528; x_wconf 91' lang='lat' dir='ltr'><strong>rediisse</strong></span> <span class='ocrx_word' id='word_1_8' title='bbox 980 465 1080 546; x_wconf 88' lang='lat' dir='ltr'><strong>putes.</strong></span> <span class='ocrx_word' id='word_1_9' title='bbox 1124 461 1169 530; x_wconf 79' lang='lat' dir='ltr'><strong>lix</strong></span> <span class='ocrx_word' id='word_1_10' title='bbox 1202 481 1261 547; x_wconf 90' lang='grc'><strong>666</strong></span> <span class='ocrx_word' id='word_1_11' title='bbox 1289 475 1401 548; x_wconf 84' lang='lat' dir='ltr'><strong>genere</strong></span> 
     </span>
     <span class='ocr_line' id='line_1_3' title="bbox 271 548 1401 630; baseline -0.004 -15"><span class='ocrx_word' id='word_1_12' title='bbox 271 551 421 615; x_wconf 87' lang='lat' dir='ltr'><strong>nonnulla</strong></span> <span class='ocrx_word' id='word_1_13' title='bbox 443 549 494 614; x_wconf 92' lang='lat' dir='ltr'><strong>hic</strong></span> <span class='ocrx_word' id='word_1_14' title='bbox 517 565 773 614; x_wconf 79' lang='lat' dir='ltr'><strong>commemorasse</strong></span> <span class='ocrx_word' id='word_1_15' title='bbox 795 549 926 614; x_wconf 87' lang='lat' dir='ltr'><strong>iuvabit.</strong></span> <span class='ocrx_word' id='word_1_16' title='bbox 950 549 987 613; x_wconf 91' lang='lat' dir='ltr'><strong>ln</strong></span> <span class='ocrx_word' id='word_1_17' title='bbox 1010 551 1104 630; x_wconf 87' lang='grc'><strong>663,</strong></span> <span class='ocrx_word' id='word_1_18' title='bbox 1127 550 1179 615; x_wconf 87' lang='grc'><strong>43.</strong></span> <span class='ocrx_word' id='word_1_19' title='bbox 1204 551 1242 615; x_wconf 87' lang='grc'><strong>61</strong></span> <span class='ocrx_word' id='word_1_20' title='bbox 1264 548 1401 614; x_wconf 90' lang='lat' dir='ltr'><strong>amicum</strong></span> 
     </span>
     <span class='ocr_line' id='line_1_4' title="bbox 272 634 1400 718; baseline -0.002 -18"><span class='ocrx_word' id='word_1_21' title='bbox 272 635 394 702; x_wconf 79' lang='lat' dir='ltr'><strong>scribit:</strong></span> <span class='ocrx_word' id='word_1_22' title='bbox 432 635 554 713; x_wconf 89' lang='lat' dir='ltr'><strong>„Habes</strong></span> <span class='ocrx_word' id='word_1_23' title='bbox 577 636 736 700; x_wconf 89' lang='lat' dir='ltr'><strong>saeculum</strong></span> <span class='ocrx_word' id='word_1_24' title='bbox 758 634 870 699; x_wconf 82' lang='lat' dir='ltr'><strong>virtuti</strong></span> <span class='ocrx_word' id='word_1_25' title='bbox 897 635 1050 714; x_wconf 89' lang='lat' dir='ltr'><strong>amioum,</strong></span> <span class='ocrx_word' id='word_1_26' title='bbox 1084 653 1144 718; x_wconf 91' lang='lat' dir='ltr'><strong>quo</strong></span> <span class='ocrx_word' id='word_1_27' title='bbox 1171 635 1232 701; x_wconf 91' lang='lat' dir='ltr'><strong>nisi</strong></span> <span class='ocrx_word' id='word_1_28' title='bbox 1263 634 1400 718; x_wconf 90' lang='lat' dir='ltr'><strong>optimus</strong></span> 
     </span>
     <span class='ocr_line' id='line_1_5' title="bbox 273 720 1401 806; baseline -0.001 -22"><span class='ocrx_word' id='word_1_29' title='bbox 273 721 402 806; x_wconf 88' lang='lat' dir='ltr'><strong>quisque</strong></span> <span class='ocrx_word' id='word_1_30' title='bbox 424 720 555 801; x_wconf 82' lang='lat' dir='ltr'><strong>gloriam</strong></span> <span class='ocrx_word' id='word_1_31' title='bbox 578 723 669 803; x_wconf 90' lang='lat' dir='ltr'><strong>parat</strong></span> <span class='ocrx_word' id='word_1_32' title='bbox 690 720 827 784; x_wconf 92' lang='lat' dir='ltr'><strong>hominis</strong></span> <span class='ocrx_word' id='word_1_33' title='bbox 849 721 897 784; x_wconf 92' lang='grc'><strong>661</strong></span> <span class='ocrx_word' id='word_1_34' title='bbox 918 721 1024 802; x_wconf 88' lang='grc'><strong>66166,</strong></span> <span class='ocrx_word' id='word_1_35' title='bbox 1055 739 1116 785; x_wconf 90' lang='grc'><strong>666</strong></span> <span class='ocrx_word' id='word_1_36' title='bbox 1139 723 1346 803; x_wconf 67' lang='grc'><strong>1616661661,</strong></span> <span class='ocrx_word' id='word_1_37' title='bbox 1370 723 1401 784; x_wconf 89' lang='grc'><strong>61</strong></span> 
     </span>
     <span class='ocr_line' id='line_1_6' title="bbox 273 803 1401 889; baseline -0.002 -19"><span class='ocrx_word' id='word_1_38' title='bbox 273 826 318 889; x_wconf 90' lang='lat' dir='ltr'><strong>ep.</strong></span> <span class='ocrx_word' id='word_1_39' title='bbox 345 807 394 883; x_wconf 88' lang='lat'><strong>10,</strong></span> <span class='ocrx_word' id='word_1_40' title='bbox 418 807 474 870; x_wconf 79' lang='lat'><strong>21:</strong></span> <span class='ocrx_word' id='word_1_41' title='bbox 502 805 632 886; x_wconf 85' lang='lat' dir='ltr'><strong>„Vivere</strong></span> <span class='ocrx_word' id='word_1_42' title='bbox 654 803 747 885; x_wconf 91' lang='lat' dir='ltr'><strong>libet,</strong></span> <span class='ocrx_word' id='word_1_43' title='bbox 770 807 879 871; x_wconf 87' lang='lat' dir='ltr'><strong>natum</strong></span> <span class='ocrx_word' id='word_1_44' title='bbox 902 824 1051 871; x_wconf 88' lang='lat' dir='ltr'><strong>essenon</strong></span> <span class='ocrx_word' id='word_1_45' title='bbox 1076 806 1214 887; x_wconf 87' lang='lat' dir='ltr'><strong>poenitet</strong></span> <span class='ocrx_word' id='word_1_46' title='bbox 1237 807 1268 871; x_wconf 90' lang='grc'><strong>61</strong></span> <span class='ocrx_word' id='word_1_47' title='bbox 1291 805 1330 870; x_wconf 89' lang='grc'><strong>61</strong></span> <span class='ocrx_word' id='word_1_48' title='bbox 1352 821 1401 868; x_wconf 89' lang='grc'><strong>66-</strong></span> 
     </span>
     <span class='ocr_line' id='line_1_7' title="bbox 272 890 1402 976; baseline 0 -22"><span class='ocrx_word' id='word_1_49' title='bbox 272 892 370 956; x_wconf 82' lang='grc'><strong>161616</strong></span> <span class='ocrx_word' id='word_1_50' title='bbox 398 892 539 972; x_wconf 88' lang='grc'><strong>66661661</strong></span> <span class='ocrx_word' id='word_1_51' title='bbox 566 890 703 956; x_wconf 88' lang='lat' dir='ltr'><strong>omnia“.</strong></span> <span class='ocrx_word' id='word_1_52' title='bbox 748 890 796 956; x_wconf 84' lang='lat' dir='ltr'><strong>Ne</strong></span> <span class='ocrx_word' id='word_1_53' title='bbox 827 907 897 956; x_wconf 86' lang='lat' dir='ltr'><strong>vero</strong></span> <span class='ocrx_word' id='word_1_54' title='bbox 924 892 1036 976; x_wconf 83' lang='lat' dir='ltr'><strong>longus</strong></span> <span class='ocrx_word' id='word_1_55' title='bbox 1069 891 1130 955; x_wconf 91' lang='lat' dir='ltr'><strong>sim</strong></span> <span class='ocrx_word' id='word_1_56' title='bbox 1161 890 1194 955; x_wconf 92' lang='lat' dir='ltr'><strong>in</strong></span> <span class='ocrx_word' id='word_1_57' title='bbox 1222 890 1402 955; x_wconf 79' lang='lat' dir='ltr'><strong>enarrandis</strong></span> 
     </span>
     <span class='ocr_line' id='line_1_8' title="bbox 272 975 1403 1060; baseline 0 -20"><span class='ocrx_word' id='word_1_58' title='bbox 272 976 348 1042; x_wconf 92' lang='lat' dir='ltr'><strong>locis</strong></span> <span class='ocrx_word' id='word_1_59' title='bbox 376 975 436 1040; x_wconf 92' lang='lat' dir='ltr'><strong>huc</strong></span> <span class='ocrx_word' id='word_1_60' title='bbox 465 976 694 1058; x_wconf 75' lang='lat' dir='ltr'><strong>spectantibus,</strong></span> <span class='ocrx_word' id='word_1_61' title='bbox 729 977 768 1041; x_wconf 90' lang='lat' dir='ltr'><strong>ad</strong></span> <span class='ocrx_word' id='word_1_62' title='bbox 797 976 901 1058; x_wconf 87' lang='lat' dir='ltr'><strong>ipsum</strong></span> <span class='ocrx_word' id='word_1_63' title='bbox 929 979 959 1040; x_wconf 93' lang='lat' dir='ltr'><strong>te</strong></span> <span class='ocrx_word' id='word_1_64' title='bbox 989 978 1090 1060; x_wconf 86' lang='lat' dir='ltr'><strong>relego</strong></span> <span class='ocrx_word' id='word_1_65' title='bbox 1118 975 1315 1057; x_wconf 90' lang='lat' dir='ltr'><strong>scriptorem,</strong></span> <span class='ocrx_word' id='word_1_66' title='bbox 1350 976 1403 1057; x_wconf 88' lang='lat' dir='ltr'><strong>qui</strong></span> 
     </span>
     <span class='ocr_line' id='line_1_9' title="bbox 273 1061 1403 1146; baseline -0.002 -20"><span class='ocrx_word' id='word_1_67' title='bbox 273 1062 379 1126; x_wconf 86' lang='lat' dir='ltr'><strong>eadem</strong></span> <span class='ocrx_word' id='word_1_68' title='bbox 402 1061 522 1130; x_wconf 79' lang='grc'><strong>1611666</strong></span> <span class='ocrx_word' id='word_1_69' title='bbox 544 1078 618 1126; x_wconf 89' lang='grc'><strong>6666</strong></span> <span class='ocrx_word' id='word_1_70' title='bbox 641 1064 689 1125; x_wconf 89' lang='lat' dir='ltr'><strong>est</strong></span> <span class='ocrx_word' id='word_1_71' title='bbox 717 1061 749 1126; x_wconf 93' lang='lat' dir='ltr'><strong>in</strong></span> <span class='ocrx_word' id='word_1_72' title='bbox 771 1061 908 1126; x_wconf 88' lang='lat' dir='ltr'><strong>oratione</strong></span> <span class='ocrx_word' id='word_1_73' title='bbox 931 1062 1039 1126; x_wconf 91' lang='lat' dir='ltr'><strong>habita</strong></span> <span class='ocrx_word' id='word_1_74' title='bbox 1065 1081 1119 1146; x_wconf 90' lang='lat' dir='ltr'><strong>pro</strong></span> <span class='ocrx_word' id='word_1_75' title='bbox 1146 1065 1233 1144; x_wconf 87' lang='lat' dir='ltr'><strong>patro</strong></span> <span class='ocrx_word' id='word_1_76' title='bbox 1261 1081 1304 1128; x_wconf 88' lang='lat' dir='ltr'><strong>ce.</strong></span> <span class='ocrx_word' id='word_1_77' title='bbox 1329 1063 1349 1127; x_wconf 87' lang='grc'><strong>6</strong></span> <span class='ocrx_word' id='word_1_78' title='bbox 1372 1063 1403 1126; x_wconf 92' lang='grc'><strong>61</strong></span> 
     </span>
     <span class='ocr_line' id='line_1_10' title="bbox 273 1146 1403 1230; baseline -0.002 -17"><span class='ocrx_word' id='word_1_79' title='bbox 273 1150 292 1213; x_wconf 82' lang='grc'><strong>9</strong></span> <span class='ocrx_word' id='word_1_80' title='bbox 316 1149 346 1212; x_wconf 87' lang='grc'><strong>61</strong></span> <span class='ocrx_word' id='word_1_81' title='bbox 371 1147 418 1213; x_wconf 91' lang='lat'><strong>10.</strong></span> <span class='ocrx_word' id='word_1_82' title='bbox 457 1146 562 1210; x_wconf 90' lang='lat' dir='ltr'><strong>Unum</strong></span> <span class='ocrx_word' id='word_1_83' title='bbox 590 1149 679 1212; x_wconf 89' lang='lat' dir='ltr'><strong>modo</strong></span> <span class='ocrx_word' id='word_1_84' title='bbox 700 1147 855 1230; x_wconf 83' lang='lat' dir='ltr'><strong>integrum</strong></span> <span class='ocrx_word' id='word_1_85' title='bbox 878 1147 979 1211; x_wconf 89' lang='lat' dir='ltr'><strong>locum</strong></span> <span class='ocrx_word' id='word_1_86' title='bbox 1006 1146 1186 1230; x_wconf 85' lang='lat' dir='ltr'><strong>apposuisse</strong></span> <span class='ocrx_word' id='word_1_87' title='bbox 1209 1146 1346 1213; x_wconf 88' lang='lat' dir='ltr'><strong>sufficiat</strong></span> <span class='ocrx_word' id='word_1_88' title='bbox 1367 1165 1403 1212; x_wconf 86' lang='lat' dir='ltr'><strong>ex</strong></span> 
     </span>
     <span class='ocr_line' id='line_1_11' title="bbox 273 1231 1403 1316; baseline 0.001 -19"><span class='ocrx_word' id='word_1_89' title='bbox 273 1233 357 1298; x_wconf 91' lang='lat' dir='ltr'><strong>laud.</strong></span> <span class='ocrx_word' id='word_1_90' title='bbox 380 1233 414 1296; x_wconf 94' lang='lat' dir='ltr'><strong>in</strong></span> <span class='ocrx_word' id='word_1_91' title='bbox 437 1231 624 1297; x_wconf 84' lang='lat' dir='ltr'><strong>Gratianum</strong></span> <span class='ocrx_word' id='word_1_92' title='bbox 646 1233 682 1297; x_wconf 84' lang='lat'><strong>9:</strong></span> <span class='ocrx_word' id='word_1_93' title='bbox 712 1231 764 1316; x_wconf 82' lang='lat' dir='ltr'><strong>,Si</strong></span> <span class='ocrx_word' id='word_1_94' title='bbox 790 1233 868 1296; x_wconf 92' lang='lat' dir='ltr'><strong>mihi</strong></span> <span class='ocrx_word' id='word_1_95' title='bbox 896 1251 978 1297; x_wconf 86' lang='lat' dir='ltr'><strong>nnnc</strong></span> <span class='ocrx_word' id='word_1_96' title='bbox 1006 1233 1102 1298; x_wconf 87' lang='lat' dir='ltr'><strong>altius</strong></span> <span class='ocrx_word' id='word_1_97' title='bbox 1131 1233 1256 1316; x_wconf 86' lang='lat' dir='ltr'><strong>evagari</strong></span> <span class='ocrx_word' id='word_1_98' title='bbox 1283 1233 1403 1316; x_wconf 88' lang='grc'><strong>6661166</strong></span> 
     </span>
     <span class='ocr_line' id='line_1_12' title="bbox 272 1315 1404 1399; baseline 0.001 -16"><span class='ocrx_word' id='word_1_99' title='bbox 272 1315 380 1384; x_wconf 87' lang='lat' dir='ltr'><strong>liceret</strong></span> <span class='ocrx_word' id='word_1_100' title='bbox 402 1317 538 1399; x_wconf 89' lang='lat' dir='ltr'><strong>eloquio,</strong></span> <span class='ocrx_word' id='word_1_101' title='bbox 563 1318 665 1382; x_wconf 86' lang='lat' dir='ltr'><strong>totum</strong></span> <span class='ocrx_word' id='word_1_102' title='bbox 687 1319 725 1383; x_wconf 91' lang='lat' dir='ltr'><strong>de</strong></span> <span class='ocrx_word' id='word_1_103' title='bbox 747 1331 824 1382; x_wconf 86' lang='lat' dir='ltr'><strong>novo</strong></span> <span class='ocrx_word' id='word_1_104' title='bbox 847 1319 968 1384; x_wconf 87' lang='lat' dir='ltr'><strong>saeculo</strong></span> <span class='ocrx_word' id='word_1_105' title='bbox 991 1319 1130 1384; x_wconf 90' lang='lat' dir='ltr'><strong>Maronis</strong></span> <span class='ocrx_word' id='word_1_106' title='bbox 1152 1337 1316 1384; x_wconf 83' lang='lat' dir='ltr'><strong>excursum</strong></span> <span class='ocrx_word' id='word_1_107' title='bbox 1337 1320 1404 1384; x_wconf 81' lang='lat' dir='ltr'><strong>&#39;vati</strong></span> 
     </span>
     <span class='ocr_line' id='line_1_13' title="bbox 274 1402 1404 1470; baseline 0.002 -2"><span class='ocrx_word' id='word_1_108' title='bbox 274 1402 387 1469; x_wconf 89' lang='lat' dir='ltr'><strong>similis</strong></span> <span class='ocrx_word' id='word_1_109' title='bbox 409 1403 443 1466; x_wconf 91' lang='lat' dir='ltr'><strong>in</strong></span> <span class='ocrx_word' id='word_1_110' title='bbox 467 1406 557 1467; x_wconf 91' lang='lat' dir='ltr'><strong>tuum</strong></span> <span class='ocrx_word' id='word_1_111' title='bbox 581 1421 692 1468; x_wconf 92' lang='lat' dir='ltr'><strong>nomen</strong></span> <span class='ocrx_word' id='word_1_112' title='bbox 716 1403 927 1468; x_wconf 84' lang='lat' dir='ltr'><strong>exscriberem.</strong></span> <span class='ocrx_word' id='word_1_113' title='bbox 952 1404 1093 1469; x_wconf 88' lang='lat' dir='ltr'><strong>Dicerem</strong></span> <span class='ocrx_word' id='word_1_114' title='bbox 1116 1404 1154 1468; x_wconf 89' lang='grc'><strong>16</strong></span> <span class='ocrx_word' id='word_1_115' title='bbox 1169 1403 1252 1469; x_wconf 89' lang='grc'><strong>66616</strong></span> <span class='ocrx_word' id='word_1_116' title='bbox 1275 1405 1404 1470; x_wconf 87' lang='lat' dir='ltr'><strong>rediisse</strong></span> 
     </span>
     <span class='ocr_line' id='line_1_14' title="bbox 272 1488 1404 1572; baseline 0 -16"><span class='ocrx_word' id='word_1_117' title='bbox 272 1489 441 1556; x_wconf 88' lang='lat' dir='ltr'><strong>Justitiam</strong></span> <span class='ocrx_word' id='word_1_118' title='bbox 473 1489 504 1553; x_wconf 93' lang='lat' dir='ltr'><strong>et</strong></span> <span class='ocrx_word' id='word_1_119' title='bbox 533 1490 615 1553; x_wconf 90' lang='lat' dir='ltr'><strong>ultro</strong></span> <span class='ocrx_word' id='word_1_120' title='bbox 644 1490 751 1554; x_wconf 87' lang='lat' dir='ltr'><strong>uberes</strong></span> <span class='ocrx_word' id='word_1_121' title='bbox 781 1489 861 1554; x_wconf 90' lang='grc'><strong>16166</strong></span> <span class='ocrx_word' id='word_1_122' title='bbox 889 1489 954 1554; x_wconf 91' lang='lat' dir='ltr'><strong>iam</strong></span> <span class='ocrx_word' id='word_1_123' title='bbox 981 1489 1144 1572; x_wconf 84' lang='lat' dir='ltr'><strong>grauidam</strong></span> <span class='ocrx_word' id='word_1_124' title='bbox 1173 1488 1321 1572; x_wconf 89' lang='lat' dir='ltr'><strong>spondere</strong></span> <span class='ocrx_word' id='word_1_125' title='bbox 1348 1509 1404 1556; x_wconf 89' lang='lat' dir='ltr'><strong>na·</strong></span> 
     </span>
     <span class='ocr_line' id='line_1_15' title="bbox 273 1573 1406 1658; baseline 0 -16"><span class='ocrx_word' id='word_1_126' title='bbox 273 1579 385 1642; x_wconf 90' lang='lat' dir='ltr'><strong>turam.</strong></span> <span class='ocrx_word' id='word_1_127' title='bbox 422 1573 515 1641; x_wconf 86' lang='lat' dir='ltr'><strong>Nunc</strong></span> <span class='ocrx_word' id='word_1_128' title='bbox 537 1574 615 1638; x_wconf 87' lang='lat' dir='ltr'><strong>mihi</strong></span> <span class='ocrx_word' id='word_1_129' title='bbox 637 1575 671 1640; x_wconf 92' lang='lat' dir='ltr'><strong>ln</strong></span> <span class='ocrx_word' id='word_1_130' title='bbox 692 1575 872 1658; x_wconf 88' lang='lat' dir='ltr'><strong>patentibus</strong></span> <span class='ocrx_word' id='word_1_131' title='bbox 895 1576 1013 1658; x_wconf 90' lang='lat' dir='ltr'><strong>campis</strong></span> <span class='ocrx_word' id='word_1_132' title='bbox 1036 1581 1144 1657; x_wconf 88' lang='lat' dir='ltr'><strong>sponte</strong></span> <span class='ocrx_word' id='word_1_133' title='bbox 1170 1590 1257 1658; x_wconf 83' lang='lat' dir='ltr'><strong>seges</strong></span> <span class='ocrx_word' id='word_1_134' title='bbox 1280 1577 1406 1648; x_wconf 84' lang='lat' dir='ltr'><strong>matura</strong></span> 
     </span>
     <span class='ocr_line' id='line_1_16' title="bbox 273 1660 1404 1744; baseline 0 -18"><span class='ocrx_word' id='word_1_135' title='bbox 273 1661 465 1737; x_wconf 83' lang='lat' dir='ltr'><strong>flavesceret,</strong></span> <span class='ocrx_word' id='word_1_136' title='bbox 489 1661 521 1725; x_wconf 92' lang='lat' dir='ltr'><strong>ln</strong></span> <span class='ocrx_word' id='word_1_137' title='bbox 544 1660 685 1726; x_wconf 89' lang='lat' dir='ltr'><strong>sentibus</strong></span> <span class='ocrx_word' id='word_1_138' title='bbox 708 1681 769 1726; x_wconf 86' lang='lat' dir='ltr'><strong>uva</strong></span> <span class='ocrx_word' id='word_1_139' title='bbox 790 1662 940 1744; x_wconf 84' lang='lat' dir='ltr'><strong>turgeret,</strong></span> <span class='ocrx_word' id='word_1_140' title='bbox 963 1661 1000 1725; x_wconf 92' lang='lat' dir='ltr'><strong>de</strong></span> <span class='ocrx_word' id='word_1_141' title='bbox 1023 1661 1147 1743; x_wconf 90' lang='lat' dir='ltr'><strong>quernis</strong></span> <span class='ocrx_word' id='word_1_142' title='bbox 1169 1660 1332 1727; x_wconf 87' lang='lat' dir='ltr'><strong>frondibus</strong></span> <span class='ocrx_word' id='word_1_143' title='bbox 1354 1679 1404 1726; x_wconf 89' lang='lat' dir='ltr'><strong>ro·</strong></span> 
     </span>
     <span class='ocr_line' id='line_1_17' title="bbox 273 1745 1414 1828; baseline 0.001 -16"><span class='ocrx_word' id='word_1_144' title='bbox 273 1746 377 1812; x_wconf 77' lang='grc'><strong>166116</strong></span> <span class='ocrx_word' id='word_1_145' title='bbox 410 1746 507 1811; x_wconf 91' lang='lat' dir='ltr'><strong>mella</strong></span> <span class='ocrx_word' id='word_1_146' title='bbox 540 1746 699 1810; x_wconf 87' lang='lat' dir='ltr'><strong>sudarent.</strong></span> <span class='ocrx_word' id='word_1_147' title='bbox 745 1745 820 1824; x_wconf 77' lang='lat' dir='ltr'><strong>Quis</strong></span> <span class='ocrx_word' id='word_1_148' title='bbox 844 1748 919 1810; x_wconf 90' lang='lat' dir='ltr'><strong>haec</strong></span> <span class='ocrx_word' id='word_1_149' title='bbox 947 1749 1004 1811; x_wconf 91' lang='lat' dir='ltr'><strong>sub</strong></span> <span class='ocrx_word' id='word_1_150' title='bbox 1033 1751 1065 1811; x_wconf 91' lang='grc'><strong>16</strong></span> <span class='ocrx_word' id='word_1_151' title='bbox 1093 1749 1220 1828; x_wconf 82' lang='lat' dir='ltr'><strong>negaret</strong></span> <span class='ocrx_word' id='word_1_152' title='bbox 1246 1765 1312 1812; x_wconf 89' lang='lat' dir='ltr'><strong>esse</strong></span> <span class='ocrx_word' id='word_1_153' title='bbox 1340 1765 1414 1820; x_wconf 78' lang='lat' dir='ltr'><strong>cre,</strong></span> 
     </span>
     <span class='ocr_line' id='line_1_18' title="bbox 274 1830 1406 1916; baseline -0.002 -17"><span class='ocrx_word' id='word_1_154' title='bbox 274 1831 382 1910; x_wconf 91' lang='lat' dir='ltr'><strong>denda,</strong></span> <span class='ocrx_word' id='word_1_155' title='bbox 406 1831 491 1896; x_wconf 90' lang='lat' dir='ltr'><strong>cuius</strong></span> <span class='ocrx_word' id='word_1_156' title='bbox 514 1830 634 1896; x_wconf 89' lang='lat' dir='ltr'><strong>indoles</strong></span> <span class='ocrx_word' id='word_1_157' title='bbox 656 1830 759 1895; x_wconf 85' lang='lat' dir='ltr'><strong>multa</strong></span> <span class='ocrx_word' id='word_1_158' title='bbox 779 1831 844 1896; x_wconf 88' lang='lat' dir='ltr'><strong>iam</strong></span> <span class='ocrx_word' id='word_1_159' title='bbox 866 1831 1025 1912; x_wconf 87' lang='lat' dir='ltr'><strong>praestitit</strong></span> <span class='ocrx_word' id='word_1_160' title='bbox 1047 1832 1078 1896; x_wconf 93' lang='grc'><strong>61</strong></span> <span class='ocrx_word' id='word_1_161' title='bbox 1100 1832 1200 1896; x_wconf 88' lang='lat' dir='ltr'><strong>adhuc</strong></span> <span class='ocrx_word' id='word_1_162' title='bbox 1222 1849 1291 1915; x_wconf 88' lang='lat' dir='ltr'><strong>spes</strong></span> <span class='ocrx_word' id='word_1_163' title='bbox 1314 1833 1406 1916; x_wconf 88' lang='lat' dir='ltr'><strong>plura</strong></span> 
     </span>
     <span class='ocr_line' id='line_1_19' title="bbox 273 1915 1405 2000; baseline 0.004 -20"><span class='ocrx_word' id='word_1_164' title='bbox 273 1917 451 2000; x_wconf 81' lang='lat' dir='ltr'><strong>promittit?</strong></span> <span class='ocrx_word' id='word_1_165' title='bbox 474 1917 515 1981; x_wconf 82' lang='grc'><strong>111</strong></span> <span class='ocrx_word' id='word_1_166' title='bbox 537 1935 622 1992; x_wconf 85' lang='lat' dir='ltr'><strong>rere,</strong></span> <span class='ocrx_word' id='word_1_167' title='bbox 651 1915 678 1980; x_wconf 90' lang='lat' dir='ltr'><strong>si</strong></span> <span class='ocrx_word' id='word_1_168' title='bbox 700 1918 748 1982; x_wconf 84' lang='lat' dir='ltr'><strong>fas</strong></span> <span class='ocrx_word' id='word_1_169' title='bbox 771 1918 818 1982; x_wconf 89' lang='grc'><strong>661</strong></span> <span class='ocrx_word' id='word_1_170' title='bbox 838 1919 1002 2000; x_wconf 80' lang='lat' dir='ltr'><strong>praesagio</strong></span> <span class='ocrx_word' id='word_1_171' title='bbox 1024 1917 1131 1982; x_wconf 88' lang='lat' dir='ltr'><strong>futura</strong></span> <span class='ocrx_word' id='word_1_172' title='bbox 1153 1917 1303 1995; x_wconf 85' lang='lat' dir='ltr'><strong>conicere,</strong></span> <span class='ocrx_word' id='word_1_173' title='bbox 1326 1922 1405 1984; x_wconf 91' lang='lat' dir='ltr'><strong>iam·</strong></span> 
     </span>
     <span class='ocr_line' id='line_1_20' title="bbox 234 2002 1406 2071; baseline 0.003 -4"><span class='ocrx_word' id='word_1_174' title='bbox 234 2007 238 2017; x_wconf 87' lang='lat'><em>&#39;</em></span> <span class='ocrx_word' id='word_1_175' title='bbox 273 2003 390 2067; x_wconf 88' lang='lat' dir='ltr'><strong>dudum</strong></span> <span class='ocrx_word' id='word_1_176' title='bbox 417 2020 544 2067; x_wconf 88' lang='lat' dir='ltr'><strong>aureum</strong></span> <span class='ocrx_word' id='word_1_177' title='bbox 573 2003 732 2066; x_wconf 80' lang='lat' dir='ltr'><strong>saeculum</strong></span> <span class='ocrx_word' id='word_1_178' title='bbox 759 2004 888 2066; x_wconf 89' lang='lat' dir='ltr'><strong>currunt</strong></span> <span class='ocrx_word' id='word_1_179' title='bbox 909 2003 981 2068; x_wconf 89' lang='grc'><strong>1666</strong></span> <span class='ocrx_word' id='word_1_180' title='bbox 1001 2003 1203 2068; x_wconf 85' lang='lat' dir='ltr'><strong>Parcer·um“.</strong></span> <span class='ocrx_word' id='word_1_181' title='bbox 1247 2002 1308 2069; x_wconf 87' lang='lat' dir='ltr'><strong>Sed</strong></span> <span class='ocrx_word' id='word_1_182' title='bbox 1329 2004 1406 2071; x_wconf 84' lang='lat' dir='ltr'><strong>haec</strong></span> 
     </span>
     <span class='ocr_line' id='line_1_21' title="bbox 273 2083 1405 2172; baseline 0.001 -19"><span class='ocrx_word' id='word_1_183' title='bbox 273 2088 466 2172; x_wconf 87' lang='lat' dir='ltr'><strong>temporibus</strong></span> <span class='ocrx_word' id='word_1_184' title='bbox 489 2089 564 2152; x_wconf 91' lang='grc'><strong>6661</strong></span> <span class='ocrx_word' id='word_1_185' title='bbox 585 2083 760 2150; x_wconf 82' lang='lat' dir='ltr'><strong>tribuenda.</strong></span> <span class='ocrx_word' id='word_1_186' title='bbox 795 2088 931 2170; x_wconf 71' lang='lat' dir='ltr'><strong>vigebat</strong></span> <span class='ocrx_word' id='word_1_187' title='bbox 956 2089 1026 2152; x_wconf 92' lang='lat' dir='ltr'><strong>turn</strong></span> <span class='ocrx_word' id='word_1_188' title='bbox 1053 2088 1200 2153; x_wconf 89' lang='lat' dir='ltr'><strong>adulandi</strong></span> <span class='ocrx_word' id='word_1_189' title='bbox 1226 2103 1324 2172; x_wconf 84' lang='lat' dir='ltr'><strong>genus</strong></span> <span class='ocrx_word' id='word_1_190' title='bbox 1354 2089 1405 2154; x_wconf 92' lang='lat' dir='ltr'><strong>in-</strong></span> 
     </span>
     <span class='ocr_line' id='line_1_22' title="bbox 275 2171 1406 2254; baseline 0.004 -17"><span class='ocrx_word' id='word_1_191' title='bbox 275 2172 421 2238; x_wconf 87' lang='lat' dir='ltr'><strong>credibile</strong></span> <span class='ocrx_word' id='word_1_192' title='bbox 444 2171 533 2236; x_wconf 90' lang='grc'><strong>66116</strong></span> <span class='ocrx_word' id='word_1_193' title='bbox 555 2171 617 2236; x_wconf 89' lang='lat' dir='ltr'><strong>fere</strong></span> <span class='ocrx_word' id='word_1_194' title='bbox 640 2173 759 2237; x_wconf 86' lang='lat' dir='ltr'><strong>ratione</strong></span> <span class='ocrx_word' id='word_1_195' title='bbox 779 2173 950 2238; x_wconf 89' lang='lat' dir='ltr'><strong>cohibitum</strong></span> <span class='ocrx_word' id='word_1_196' title='bbox 973 2177 1100 2254; x_wconf 89' lang='lat' dir='ltr'><strong>eratque</strong></span> <span class='ocrx_word' id='word_1_197' title='bbox 1116 2189 1169 2254; x_wconf 90' lang='lat' dir='ltr'><strong>per</strong></span> <span class='ocrx_word' id='word_1_198' title='bbox 1184 2187 1291 2239; x_wconf 90' lang='lat' dir='ltr'><strong>omnes</strong></span> <span class='ocrx_word' id='word_1_199' title='bbox 1306 2176 1406 2242; x_wconf 87' lang='lat' dir='ltr'><strong>terras</strong></span> 
     </span>
     <span class='ocr_line' id='line_1_23' title="bbox 274 2257 1406 2343; baseline 0.004 -21"><span class='ocrx_word' id='word_1_200' title='bbox 274 2257 481 2342; x_wconf 81' lang='lat' dir='ltr'><strong>divulgatum,</strong></span> <span class='ocrx_word' id='word_1_201' title='bbox 505 2275 694 2338; x_wconf 91' lang='lat' dir='ltr'><strong>quamquam</strong></span> <span class='ocrx_word' id='word_1_202' title='bbox 717 2273 815 2338; x_wconf 92' lang='lat' dir='ltr'><strong>neque</strong></span> <span class='ocrx_word' id='word_1_203' title='bbox 838 2259 923 2322; x_wconf 88' lang='lat' dir='ltr'><strong>aetas</strong></span> <span class='ocrx_word' id='word_1_204' title='bbox 945 2259 1012 2322; x_wconf 89' lang='lat' dir='ltr'><strong>erat</strong></span> <span class='ocrx_word' id='word_1_205' title='bbox 1034 2273 1127 2323; x_wconf 81' lang='lat' dir='ltr'><strong>aurea</strong></span> <span class='ocrx_word' id='word_1_206' title='bbox 1149 2258 1286 2337; x_wconf 89' lang='lat' dir='ltr'><strong>dicenda,</strong></span> <span class='ocrx_word' id='word_1_207' title='bbox 1309 2279 1406 2343; x_wconf 90' lang='grc'><strong>66666</strong></span> 
     </span>
     <span class='ocr_line' id='line_1_24' title="bbox 274 2341 1406 2428; baseline 0.005 -22"><span class='ocrx_word' id='word_1_208' title='bbox 274 2341 352 2426; x_wconf 90' lang='grc'><strong>16616</strong></span> <span class='ocrx_word' id='word_1_209' title='bbox 384 2341 590 2406; x_wconf 88' lang='lat' dir='ltr'><strong>scribentibus</strong></span> <span class='ocrx_word' id='word_1_210' title='bbox 623 2342 698 2407; x_wconf 90' lang='grc'><strong>16116</strong></span> <span class='ocrx_word' id='word_1_211' title='bbox 732 2343 902 2409; x_wconf 86' lang='lat' dir='ltr'><strong>videbatur.</strong></span> <span class='ocrx_word' id='word_1_212' title='bbox 952 2343 1036 2408; x_wconf 89' lang='lat' dir='ltr'><strong>Nam</strong></span> <span class='ocrx_word' id='word_1_213' title='bbox 1069 2343 1150 2426; x_wconf 89' lang='grc'><strong>6661</strong></span> <span class='ocrx_word' id='word_1_214' title='bbox 1182 2343 1406 2428; x_wconf 82' lang='lat' dir='ltr'><strong>Symmachum</strong></span> 
     </span>
     <span class='ocr_line' id='line_1_25' title="bbox 274 2427 1406 2515; baseline 0.005 -24"><span class='ocrx_word' id='word_1_215' title='bbox 274 2445 393 2510; x_wconf 91' lang='grc'><strong>666666</strong></span> <span class='ocrx_word' id='word_1_216' title='bbox 415 2427 475 2491; x_wconf 89' lang='grc'><strong>1661</strong></span> <span class='ocrx_word' id='word_1_217' title='bbox 498 2427 661 2505; x_wconf 89' lang='lat' dir='ltr'><strong>habentur,</strong></span> <span class='ocrx_word' id='word_1_218' title='bbox 685 2427 737 2508; x_wconf 91' lang='lat' dir='ltr'><strong>qui</strong></span> <span class='ocrx_word' id='word_1_219' title='bbox 754 2443 824 2492; x_wconf 92' lang='lat' dir='ltr'><strong>cum</strong></span> <span class='ocrx_word' id='word_1_220' title='bbox 839 2429 971 2510; x_wconf 90' lang='grc'><strong>66111616</strong></span> <span class='ocrx_word' id='word_1_221' title='bbox 994 2429 1060 2494; x_wconf 90' lang='grc'><strong>11116</strong></span> <span class='ocrx_word' id='word_1_222' title='bbox 1083 2429 1228 2494; x_wconf 89' lang='lat' dir='ltr'><strong>laudibus</strong></span> <span class='ocrx_word' id='word_1_223' title='bbox 1250 2449 1312 2496; x_wconf 93' lang='lat' dir='ltr'><strong>non</strong></span> <span class='ocrx_word' id='word_1_224' title='bbox 1333 2447 1406 2515; x_wconf 86' lang='lat' dir='ltr'><strong>pos·</strong></span> 
     </span>
     <span class='ocr_line' id='line_1_26' title="bbox 275 2511 1405 2599; baseline 0.005 -22"><span class='ocrx_word' id='word_1_225' title='bbox 275 2515 350 2578; x_wconf 90' lang='lat' dir='ltr'><strong>sunt</strong></span> <span class='ocrx_word' id='word_1_226' title='bbox 373 2511 541 2588; x_wconf 87' lang='lat' dir='ltr'><strong>conciliari,</strong></span> <span class='ocrx_word' id='word_1_227' title='bbox 565 2511 664 2576; x_wconf 85' lang='lat' dir='ltr'><strong>ueluti</strong></span> <span class='ocrx_word' id='word_1_228' title='bbox 686 2528 756 2577; x_wconf 92' lang='lat' dir='ltr'><strong>cum</strong></span> <span class='ocrx_word' id='word_1_229' title='bbox 779 2513 874 2594; x_wconf 78' lang='lat' dir='ltr'><strong>epil,</strong></span> <span class='ocrx_word' id='word_1_230' title='bbox 894 2515 953 2578; x_wconf 89' lang='grc'><strong>116</strong></span> <span class='ocrx_word' id='word_1_231' title='bbox 976 2515 1115 2595; x_wconf 84' lang='lat' dir='ltr'><strong>queritur</strong></span> <span class='ocrx_word' id='word_1_232' title='bbox 1133 2515 1235 2596; x_wconf 85' lang='lat' dir='ltr'><strong>„leges</strong></span> <span class='ocrx_word' id='word_1_233' title='bbox 1258 2518 1297 2581; x_wconf 93' lang='lat' dir='ltr'><strong>ab</strong></span> <span class='ocrx_word' id='word_1_234' title='bbox 1319 2517 1405 2599; x_wconf 87' lang='grc'><strong>16616,</strong></span> 
     </span>
     <span class='ocr_line' id='line_1_27' title="bbox 275 2596 1406 2684; baseline 0.006 -23"><span class='ocrx_word' id='word_1_235' title='bbox 275 2598 388 2679; x_wconf 90' lang='grc'><strong>661166</strong></span> <span class='ocrx_word' id='word_1_236' title='bbox 411 2596 547 2662; x_wconf 85' lang='lat' dir='ltr'><strong>curanda</strong></span> <span class='ocrx_word' id='word_1_237' title='bbox 569 2597 691 2674; x_wconf 89' lang='lat' dir='ltr'><strong>dantur,</strong></span> <span class='ocrx_word' id='word_1_238' title='bbox 714 2597 895 2680; x_wconf 88' lang='lat' dir='ltr'><strong>plerumque</strong></span> <span class='ocrx_word' id='word_1_239' title='bbox 918 2600 1109 2682; x_wconf 83' lang='lat' dir='ltr'><strong>corrumpi‘⁴;</strong></span> <span class='ocrx_word' id='word_1_240' title='bbox 1140 2600 1295 2665; x_wconf 89' lang='lat' dir='ltr'><strong>tumultus</strong></span> <span class='ocrx_word' id='word_1_241' title='bbox 1317 2613 1406 2684; x_wconf 84' lang='lat' dir='ltr'><strong>prae·</strong></span> 
     </span>
     <span class='ocr_line' id='line_1_28' title="bbox 275 2683 1405 2766; baseline 0.007 -20"><span class='ocrx_word' id='word_1_242' title='bbox 275 2685 360 2746; x_wconf 88' lang='lat' dir='ltr'><strong>terea</strong></span> <span class='ocrx_word' id='word_1_243' title='bbox 381 2683 602 2746; x_wconf 90' lang='lat' dir='ltr'><strong>commemorat</strong></span> <span class='ocrx_word' id='word_1_244' title='bbox 624 2699 642 2746; x_wconf 92' lang='lat' dir='ltr'><strong>a</strong></span> <span class='ocrx_word' id='word_1_245' title='bbox 664 2683 761 2747; x_wconf 89' lang='lat' dir='ltr'><strong>serris</strong></span> <span class='ocrx_word' id='word_1_246' title='bbox 784 2683 948 2764; x_wconf 79' lang='grc'><strong>6116116166,</strong></span> <span class='ocrx_word' id='word_1_247' title='bbox 982 2685 1035 2766; x_wconf 92' lang='grc'><strong>661</strong></span> <span class='ocrx_word' id='word_1_248' title='bbox 1065 2684 1098 2748; x_wconf 91' lang='grc'><strong>16</strong></span> <span class='ocrx_word' id='word_1_249' title='bbox 1120 2701 1210 2748; x_wconf 89' lang='lat' dir='ltr'><strong>usum</strong></span> <span class='ocrx_word' id='word_1_250' title='bbox 1234 2686 1405 2754; x_wconf 86' lang='lat' dir='ltr'><strong>militarem</strong></span> 
     </span>
     <span class='ocr_line' id='line_1_29' title="bbox 275 2767 1408 2853; baseline 0.007 -22"><span class='ocrx_word' id='word_1_251' title='bbox 275 2767 460 2849; x_wconf 87' lang='lat' dir='ltr'><strong>petebantur</strong></span> <span class='ocrx_word' id='word_1_252' title='bbox 484 2768 542 2848; x_wconf 81' lang='lat' dir='ltr'><strong>(ep.</strong></span> <span class='ocrx_word' id='word_1_253' title='bbox 560 2768 589 2844; x_wconf 88' lang='lat'><strong>6,</strong></span> <span class='ocrx_word' id='word_1_254' title='bbox 613 2767 677 2852; x_wconf 82' lang='grc'><strong>64),</strong></span> <span class='ocrx_word' id='word_1_255' title='bbox 701 2769 732 2832; x_wconf 91' lang='grc'><strong>61</strong></span> <span class='ocrx_word' id='word_1_256' title='bbox 755 2781 801 2850; x_wconf 89' lang='lat' dir='ltr'><strong>ep.</strong></span> <span class='ocrx_word' id='word_1_257' title='bbox 819 2769 848 2845; x_wconf 84' lang='grc'><strong>1,</strong></span> <span class='ocrx_word' id='word_1_258' title='bbox 874 2768 935 2832; x_wconf 87' lang='grc'><strong>114</strong></span> <span class='ocrx_word' id='word_1_259' title='bbox 957 2769 1095 2852; x_wconf 88' lang='lat' dir='ltr'><strong>apertius</strong></span> <span class='ocrx_word' id='word_1_260' title='bbox 1124 2769 1220 2834; x_wconf 87' lang='lat' dir='ltr'><strong>etiarn</strong></span> <span class='ocrx_word' id='word_1_261' title='bbox 1247 2771 1408 2853; x_wconf 87' lang='lat' dir='ltr'><strong>profitetur</strong></span> 
     </span>
    </p>

    <p class='ocr_par' dir='ltr' id='par_1_3' title="bbox 280 2852 1272 2934">
     <span class='ocr_line' id='line_1_30' title="bbox 280 2852 1272 2934; baseline 0.006 -18"><span class='ocrx_word' id='word_1_262' title='bbox 280 2869 353 2933; x_wconf 89' lang='lat' dir='ltr'><strong>„nos</strong></span> <span class='ocrx_word' id='word_1_263' title='bbox 375 2853 409 2916; x_wconf 95' lang='lat' dir='ltr'><strong>in</strong></span> <span class='ocrx_word' id='word_1_264' title='bbox 432 2852 550 2934; x_wconf 89' lang='lat' dir='ltr'><strong>patriae</strong></span> <span class='ocrx_word' id='word_1_265' title='bbox 573 2853 639 2916; x_wconf 91' lang='grc'><strong>6616</strong></span> <span class='ocrx_word' id='word_1_266' title='bbox 662 2853 795 2918; x_wconf 83' lang='lat' dir='ltr'><strong>vivimus</strong></span> <span class='ocrx_word' id='word_1_267' title='bbox 818 2856 850 2918; x_wconf 89' lang='grc'><strong>61</strong></span> <span class='ocrx_word' id='word_1_268' title='bbox 871 2854 1015 2920; x_wconf 83' lang='grc'><strong>16611166</strong></span> <span class='ocrx_word' id='word_1_269' title='bbox 1039 2857 1272 2922; x_wconf 68' lang='grc'><strong>6616666611.</strong></span> 
     </span>
    </p>

    <p class='ocr_par' dir='ltr' id='par_1_4' title="bbox 276 2937 1508 4559">
     <span class='ocr_line' id='line_1_31' title="bbox 296 2937 1406 3026; baseline 0.003 -25"><span class='ocrx_word' id='word_1_270' title='bbox 296 2971 301 2985; x_wconf 74' lang='lat'><em>‹</em></span> <span class='ocrx_word' id='word_1_271' title='bbox 378 2937 421 3002; x_wconf 81' lang='lat' dir='ltr'><strong>At</strong></span> <span class='ocrx_word' id='word_1_272' title='bbox 443 2937 539 3002; x_wconf 91' lang='lat' dir='ltr'><strong>semel</strong></span> <span class='ocrx_word' id='word_1_273' title='bbox 563 2955 610 3002; x_wconf 89' lang='lat' dir='ltr'><strong>res</strong></span> <span class='ocrx_word' id='word_1_274' title='bbox 632 2939 754 3016; x_wconf 88' lang='grc'><strong>6661111,</strong></span> <span class='ocrx_word' id='word_1_275' title='bbox 779 2953 857 3020; x_wconf 88' lang='lat' dir='ltr'><strong>quae</strong></span> <span class='ocrx_word' id='word_1_276' title='bbox 879 2943 1030 3021; x_wconf 86' lang='lat' dir='ltr'><strong>quomodo</strong></span> <span class='ocrx_word' id='word_1_277' title='bbox 1052 2941 1224 3025; x_wconf 83' lang='lat' dir='ltr'><strong>explicetur</strong></span> <span class='ocrx_word' id='word_1_278' title='bbox 1245 2948 1334 3024; x_wconf 88' lang='lat' dir='ltr'><strong>plane</strong></span> <span class='ocrx_word' id='word_1_279' title='bbox 1356 2937 1406 3026; x_wconf 83' lang='lat' dir='ltr'><strong>ig·</strong></span> 
     </span>
     <span class='ocr_line' id='line_1_32' title="bbox 277 3021 1408 3106; baseline 0.005 -19"><span class='ocrx_word' id='word_1_280' title='bbox 277 3036 433 3087; x_wconf 81' lang='lat' dir='ltr'><strong>notamus.</strong></span> <span class='ocrx_word' id='word_1_281' title='bbox 479 3021 562 3086; x_wconf 86' lang='lat' dir='ltr'><strong>Nam</strong></span> <span class='ocrx_word' id='word_1_282' title='bbox 590 3023 616 3087; x_wconf 88' lang='lat' dir='ltr'><strong>si</strong></span> <span class='ocrx_word' id='word_1_283' title='bbox 640 3023 863 3102; x_wconf 76' lang='lat' dir='ltr'><strong>considerabis,</strong></span> <span class='ocrx_word' id='word_1_284' title='bbox 898 3040 991 3106; x_wconf 89' lang='lat' dir='ltr'><strong>quarn</strong></span> <span class='ocrx_word' id='word_1_285' title='bbox 1021 3027 1085 3091; x_wconf 88' lang='lat' dir='ltr'><strong>acri</strong></span> <span class='ocrx_word' id='word_1_286' title='bbox 1114 3027 1217 3092; x_wconf 88' lang='lat' dir='ltr'><strong>studio</strong></span> <span class='ocrx_word' id='word_1_287' title='bbox 1245 3033 1277 3092; x_wconf 90' lang='grc'><strong>61</strong></span> <span class='ocrx_word' id='word_1_288' title='bbox 1304 3039 1408 3093; x_wconf 86' lang='lat' dir='ltr'><strong>amere</strong></span> 
     </span>
     <span class='ocr_line' id='line_1_33' title="bbox 276 3109 1408 3194; baseline 0.008 -24"><span class='ocrx_word' id='word_1_289' title='bbox 276 3109 453 3190; x_wconf 85' lang='lat' dir='ltr'><strong>quantaque</strong></span> <span class='ocrx_word' id='word_1_290' title='bbox 474 3109 671 3174; x_wconf 83' lang='lat' dir='ltr'><strong>observantia</strong></span> <span class='ocrx_word' id='word_1_291' title='bbox 692 3109 892 3191; x_wconf 88' lang='lat' dir='ltr'><strong>imperotores</strong></span> <span class='ocrx_word' id='word_1_292' title='bbox 914 3114 1092 3194; x_wconf 83' lang='lat' dir='ltr'><strong>prosecutus</strong></span> <span class='ocrx_word' id='word_1_293' title='bbox 1115 3113 1167 3192; x_wconf 91' lang='lat' dir='ltr'><strong>sit,</strong></span> <span class='ocrx_word' id='word_1_294' title='bbox 1190 3132 1262 3177; x_wconf 89' lang='lat' dir='ltr'><strong>eum</strong></span> <span class='ocrx_word' id='word_1_295' title='bbox 1281 3113 1408 3179; x_wconf 90' lang='lat' dir='ltr'><strong>rebellis</strong></span> 
     </span>
     <span class='ocr_line' id='line_1_34' title="bbox 276 3193 1408 3279; baseline 0.003 -22"><span class='ocrx_word' id='word_1_296' title='bbox 276 3194 438 3257; x_wconf 90' lang='lat' dir='ltr'><strong>cuiusdam</strong></span> <span class='ocrx_word' id='word_1_297' title='bbox 462 3193 604 3274; x_wconf 88' lang='lat' dir='ltr'><strong>partibus</strong></span> <span class='ocrx_word' id='word_1_298' title='bbox 628 3194 742 3258; x_wconf 83' lang='lat' dir='ltr'><strong>fauisse</strong></span> <span class='ocrx_word' id='word_1_299' title='bbox 764 3207 956 3279; x_wconf 87' lang='lat' dir='ltr'><strong>summopere</strong></span> <span class='ocrx_word' id='word_1_300' title='bbox 977 3199 1149 3264; x_wconf 88' lang='lat' dir='ltr'><strong>miraberis.</strong></span> <span class='ocrx_word' id='word_1_301' title='bbox 1185 3199 1269 3276; x_wconf 80' lang='lat' dir='ltr'><strong>Quae</strong></span> <span class='ocrx_word' id='word_1_302' title='bbox 1291 3217 1339 3262; x_wconf 88' lang='lat' dir='ltr'><strong>res</strong></span> <span class='ocrx_word' id='word_1_303' title='bbox 1361 3198 1408 3260; x_wconf 88' lang='lat' dir='ltr'><strong>ita</strong></span> 
     </span>
     <span class='ocr_line' id='line_1_35' title="bbox 276 3277 1407 3359; baseline 0 -17"><span class='ocrx_word' id='word_1_304' title='bbox 276 3277 433 3342; x_wconf 89' lang='lat' dir='ltr'><strong>sehabet.</strong></span> <span class='ocrx_word' id='word_1_305' title='bbox 479 3277 633 3342; x_wconf 84' lang='lat' dir='ltr'><strong>Maximus</strong></span> <span class='ocrx_word' id='word_1_306' title='bbox 657 3281 790 3345; x_wconf 83' lang='lat' dir='ltr'><strong>exercitu</strong></span> <span class='ocrx_word' id='word_1_307' title='bbox 813 3281 845 3346; x_wconf 91' lang='lat' dir='ltr'><strong>in</strong></span> <span class='ocrx_word' id='word_1_308' title='bbox 870 3278 1036 3347; x_wconf 88' lang='lat' dir='ltr'><strong>Britannia</strong></span> <span class='ocrx_word' id='word_1_309' title='bbox 1063 3284 1103 3346; x_wconf 91' lang='lat' dir='ltr'><strong>ad</strong></span> <span class='ocrx_word' id='word_1_310' title='bbox 1131 3281 1314 3344; x_wconf 85' lang='lat' dir='ltr'><strong>seditionem</strong></span> <span class='ocrx_word' id='word_1_311' title='bbox 1337 3297 1407 3359; x_wconf 90' lang='lat' dir='ltr'><strong>per-</strong></span> 
     </span>
     <span class='ocr_line' id='line_1_36' title="bbox 276 3363 1407 3446; baseline 0.001 -20"><span class='ocrx_word' id='word_1_312' title='bbox 276 3365 360 3427; x_wconf 87' lang='lat' dir='ltr'><strong>moto</strong></span> <span class='ocrx_word' id='word_1_313' title='bbox 389 3363 488 3427; x_wconf 80' lang='grc'><strong>66111</strong></span> <span class='ocrx_word' id='word_1_314' title='bbox 517 3381 640 3430; x_wconf 89' lang='lat' dir='ltr'><strong>summa</strong></span> <span class='ocrx_word' id='word_1_315' title='bbox 666 3367 825 3430; x_wconf 88' lang='lat' dir='ltr'><strong>celeritate</strong></span> <span class='ocrx_word' id='word_1_316' title='bbox 848 3367 986 3431; x_wconf 83' lang='lat' dir='ltr'><strong>Galliam</strong></span> <span class='ocrx_word' id='word_1_317' title='bbox 1017 3364 1200 3446; x_wconf 89' lang='lat' dir='ltr'><strong>triumphali</strong></span> <span class='ocrx_word' id='word_1_318' title='bbox 1229 3363 1293 3426; x_wconf 87' lang='lat' dir='ltr'><strong>fere</strong></span> <span class='ocrx_word' id='word_1_319' title='bbox 1315 3378 1407 3428; x_wconf 86' lang='lat' dir='ltr'><strong>cursu</strong></span> 
     </span>
     <span class='ocr_line' id='line_1_37' title="bbox 276 3446 1408 3532; baseline 0.001 -20"><span class='ocrx_word' id='word_1_320' title='bbox 276 3450 439 3530; x_wconf 86' lang='lat' dir='ltr'><strong>pervolans</strong></span> <span class='ocrx_word' id='word_1_321' title='bbox 463 3448 617 3527; x_wconf 79' lang='lat' dir='ltr'><strong>Gratiani,</strong></span> <span class='ocrx_word' id='word_1_322' title='bbox 640 3451 693 3532; x_wconf 90' lang='grc'><strong>661</strong></span> <span class='ocrx_word' id='word_1_323' title='bbox 717 3451 745 3515; x_wconf 92' lang='lat' dir='ltr'><strong>ei</strong></span> <span class='ocrx_word' id='word_1_324' title='bbox 767 3451 891 3516; x_wconf 84' lang='lat' dir='ltr'><strong>obviam</strong></span> <span class='ocrx_word' id='word_1_325' title='bbox 914 3451 1028 3526; x_wconf 85' lang='lat' dir='ltr'><strong>iverat,</strong></span> <span class='ocrx_word' id='word_1_326' title='bbox 1057 3451 1175 3514; x_wconf 87' lang='lat' dir='ltr'><strong>milites</strong></span> <span class='ocrx_word' id='word_1_327' title='bbox 1198 3446 1348 3528; x_wconf 88' lang='lat' dir='ltr'><strong>plurimos</strong></span> <span class='ocrx_word' id='word_1_328' title='bbox 1371 3451 1408 3514; x_wconf 89' lang='grc'><strong>61</strong></span> 
     </span>
     <span class='ocr_line' id='line_1_38' title="bbox 277 3530 1406 3618; baseline 0.002 -20"><span class='ocrx_word' id='word_1_329' title='bbox 277 3535 316 3598; x_wconf 90' lang='grc'><strong>61</strong></span> <span class='ocrx_word' id='word_1_330' title='bbox 338 3545 369 3596; x_wconf 85' lang='lat' dir='ltr'><strong>se</strong></span> <span class='ocrx_word' id='word_1_331' title='bbox 392 3533 555 3598; x_wconf 86' lang='grc'><strong>1611661661</strong></span> <span class='ocrx_word' id='word_1_332' title='bbox 579 3550 653 3598; x_wconf 92' lang='lat' dir='ltr'><strong>auro</strong></span> <span class='ocrx_word' id='word_1_333' title='bbox 676 3535 820 3617; x_wconf 87' lang='lat' dir='ltr'><strong>corrupit,</strong></span> <span class='ocrx_word' id='word_1_334' title='bbox 844 3535 977 3616; x_wconf 87' lang='grc'><strong>16116666</strong></span> <span class='ocrx_word' id='word_1_335' title='bbox 1000 3535 1130 3618; x_wconf 81' lang='lat' dir='ltr'><strong>fugavit.</strong></span> <span class='ocrx_word' id='word_1_336' title='bbox 1155 3530 1324 3597; x_wconf 81' lang='lat' dir='ltr'><strong>Gratianus</strong></span> <span class='ocrx_word' id='word_1_337' title='bbox 1338 3533 1406 3615; x_wconf 85' lang='lat' dir='ltr'><strong>ipse</strong></span> 
     </span>
     <span class='ocr_line' id='line_1_39' title="bbox 277 3618 1484 3696; baseline 0.002 -14"><span class='ocrx_word' id='word_1_338' title='bbox 277 3636 304 3683; x_wconf 86' lang='lat' dir='ltr'><strong>a.</strong></span> <span class='ocrx_word' id='word_1_339' title='bbox 329 3618 401 3683; x_wconf 81' lang='lat'><strong>383.</strong></span> <span class='ocrx_word' id='word_1_340' title='bbox 425 3619 605 3683; x_wconf 87' lang='lat' dir='ltr'><strong>interiectus</strong></span> <span class='ocrx_word' id='word_1_341' title='bbox 628 3624 684 3685; x_wconf 87' lang='lat' dir='ltr'><strong>est.</strong></span> <span class='ocrx_word' id='word_1_342' title='bbox 729 3622 797 3684; x_wconf 87' lang='lat' dir='ltr'><strong>lam</strong></span> <span class='ocrx_word' id='word_1_343' title='bbox 827 3620 1057 3685; x_wconf 71' lang='grc'><strong>63861616·</strong></span> <span class='ocrx_word' id='word_1_344' title='bbox 1083 3619 1272 3696; x_wconf 84' lang='lat' dir='ltr'><strong>Maximum,</strong></span> <span class='ocrx_word' id='word_1_345' title='bbox 1307 3619 1407 3684; x_wconf 82' lang='lat' dir='ltr'><strong>Theo-</strong></span> <span class='ocrx_word' id='word_1_346' title='bbox 1480 3671 1484 3676; x_wconf 91' lang='lat'>.</span> 
     </span>
     <span class='ocr_line' id='line_1_40' title="bbox 277 3702 1408 3787; baseline 0.004 -20"><span class='ocrx_word' id='word_1_347' title='bbox 277 3702 411 3782; x_wconf 87' lang='grc'><strong>166166,</strong></span> <span class='ocrx_word' id='word_1_348' title='bbox 435 3703 690 3770; x_wconf 83' lang='lat' dir='ltr'><strong>Valentinianum</strong></span> <span class='ocrx_word' id='word_1_349' title='bbox 713 3705 846 3787; x_wconf 88' lang='grc'><strong>166666</strong></span> <span class='ocrx_word' id='word_1_350' title='bbox 871 3705 1080 3770; x_wconf 78' lang='grc'><strong>6661661616</strong></span> <span class='ocrx_word' id='word_1_351' title='bbox 1103 3702 1347 3781; x_wconf 85' lang='lat' dir='ltr'><strong>conditionibus,</strong></span> <span class='ocrx_word' id='word_1_352' title='bbox 1371 3708 1408 3772; x_wconf 88' lang='grc'><strong>61</strong></span> 
     </span>
     <span class='ocr_line' id='line_1_41' title="bbox 276 3787 1439 3874; baseline -0.002 -20"><span class='ocrx_word' id='word_1_353' title='bbox 276 3789 432 3854; x_wconf 73' lang='lat' dir='ltr'><strong>Maximus</strong></span> <span class='ocrx_word' id='word_1_354' title='bbox 445 3789 581 3872; x_wconf 76' lang='lat' dir='ltr'><strong>Augusti</strong></span> <span class='ocrx_word' id='word_1_355' title='bbox 604 3795 784 3874; x_wconf 79' lang='lat' dir='ltr'><strong>cognomine</strong></span> <span class='ocrx_word' id='word_1_356' title='bbox 808 3790 946 3856; x_wconf 80' lang='lat' dir='ltr'><strong>assumto</strong></span> <span class='ocrx_word' id='word_1_357' title='bbox 961 3788 1151 3866; x_wconf 86' lang='lat' dir='ltr'><strong>Britannias,</strong></span> <span class='ocrx_word' id='word_1_358' title='bbox 1176 3787 1307 3870; x_wconf 76' lang='lat' dir='ltr'><strong>Galliae,</strong></span> <span class='ocrx_word' id='word_1_359' title='bbox 1331 3791 1407 3856; x_wconf 88' lang='lat' dir='ltr'><strong>His·</strong></span> <span class='ocrx_word' id='word_1_360' title='bbox 1436 3845 1439 3852; x_wconf 93' lang='grc'><strong>,</strong></span> 
     </span>
     <span class='ocr_line' id='line_1_42' title="bbox 277 3871 1407 3958; baseline 0.004 -19"><span class='ocrx_word' id='word_1_361' title='bbox 277 3873 389 3957; x_wconf 87' lang='grc'><strong>666166</strong></span> <span class='ocrx_word' id='word_1_362' title='bbox 411 3873 576 3955; x_wconf 89' lang='lat' dir='ltr'><strong>imperium</strong></span> <span class='ocrx_word' id='word_1_363' title='bbox 598 3877 756 3958; x_wconf 80' lang='lat' dir='ltr'><strong>retinemt.</strong></span> <span class='ocrx_word' id='word_1_364' title='bbox 803 3871 909 3955; x_wconf 85' lang='lat' dir='ltr'><strong>Neque</strong></span> <span class='ocrx_word' id='word_1_365' title='bbox 937 3889 1008 3938; x_wconf 82' lang='lat' dir='ltr'><strong>vero</strong></span> <span class='ocrx_word' id='word_1_366' title='bbox 1037 3873 1069 3939; x_wconf 93' lang='lat' dir='ltr'><strong>id</strong></span> <span class='ocrx_word' id='word_1_367' title='bbox 1096 3875 1203 3941; x_wconf 89' lang='lat' dir='ltr'><strong>foedus</strong></span> <span class='ocrx_word' id='word_1_368' title='bbox 1227 3874 1280 3940; x_wconf 91' lang='lat' dir='ltr'><strong>diu</strong></span> <span class='ocrx_word' id='word_1_369' title='bbox 1302 3893 1407 3942; x_wconf 79' lang='grc'><strong>66116-</strong></span> 
     </span>
     <span class='ocr_line' id='line_1_43' title="bbox 278 3959 1408 4037; baseline 0.004 -14"><span class='ocrx_word' id='word_1_370' title='bbox 278 3961 382 4037; x_wconf 84' lang='grc'><strong>16161,</strong></span> <span class='ocrx_word' id='word_1_371' title='bbox 417 3974 491 4022; x_wconf 86' lang='lat' dir='ltr'><strong>nam</strong></span> <span class='ocrx_word' id='word_1_372' title='bbox 521 3977 548 4026; x_wconf 61' lang='grc'><strong>6,</strong></span> <span class='ocrx_word' id='word_1_373' title='bbox 576 3961 648 4026; x_wconf 75' lang='lat'>388.</span> <span class='ocrx_word' id='word_1_374' title='bbox 682 3959 762 4024; x_wconf 88' lang='lat' dir='ltr'><strong>bello</strong></span> <span class='ocrx_word' id='word_1_375' title='bbox 791 3959 904 4023; x_wconf 87' lang='lat' dir='ltr'><strong>iterum</strong></span> <span class='ocrx_word' id='word_1_376' title='bbox 931 3959 1035 4025; x_wconf 77' lang='lat' dir='ltr'><strong>erosae</strong></span> <span class='ocrx_word' id='word_1_377' title='bbox 1062 3961 1217 4026; x_wconf 84' lang='lat' dir='ltr'><strong>Maximus</strong></span> <span class='ocrx_word' id='word_1_378' title='bbox 1247 3961 1348 4026; x_wconf 78' lang='lat' dir='ltr'><strong>victus</strong></span> <span class='ocrx_word' id='word_1_379' title='bbox 1376 3963 1408 4027; x_wconf 92' lang='lat' dir='ltr'><strong>et</strong></span> 
     </span>
     <span class='ocr_line' id='line_1_44' title="bbox 276 4039 1421 4129; baseline 0.003 -20"><span class='ocrx_word' id='word_1_380' title='bbox 276 4044 457 4110; x_wconf 85' lang='lat' dir='ltr'><strong>interiectus</strong></span> <span class='ocrx_word' id='word_1_381' title='bbox 484 4048 540 4110; x_wconf 87' lang='lat' dir='ltr'><strong>ost.</strong></span> <span class='ocrx_word' id='word_1_382' title='bbox 585 4039 751 4117; x_wconf 79' lang='grc'><strong>11611166</strong></span> <span class='ocrx_word' id='word_1_383' title='bbox 776 4043 965 4122; x_wconf 85' lang='lat' dir='ltr'><strong>Maximum,</strong></span> <span class='ocrx_word' id='word_1_384' title='bbox 1000 4047 1086 4112; x_wconf 87' lang='lat' dir='ltr'><strong>cuius</strong></span> <span class='ocrx_word' id='word_1_385' title='bbox 1115 4048 1220 4129; x_wconf 86' lang='lat' dir='ltr'><strong>partes</strong></span> <span class='ocrx_word' id='word_1_386' title='bbox 1248 4041 1421 4129; x_wconf 84' lang='lat' dir='ltr'><strong>amplexus</strong></span> 
     </span>
     <span class='ocr_line' id='line_1_45' title="bbox 277 4128 1409 4216; baseline 0.003 -22"><span class='ocrx_word' id='word_1_387' title='bbox 277 4129 481 4212; x_wconf 85' lang='lat' dir='ltr'><strong>Symmachus</strong></span> <span class='ocrx_word' id='word_1_388' title='bbox 505 4129 614 4196; x_wconf 89' lang='grc'><strong>166166</strong></span> <span class='ocrx_word' id='word_1_389' title='bbox 636 4131 668 4194; x_wconf 90' lang='grc'><strong>61</strong></span> <span class='ocrx_word' id='word_1_390' title='bbox 690 4128 815 4210; x_wconf 86' lang='lat' dir='ltr'><strong>scripsit</strong></span> <span class='ocrx_word' id='word_1_391' title='bbox 837 4129 870 4193; x_wconf 89' lang='grc'><strong>61</strong></span> <span class='ocrx_word' id='word_1_392' title='bbox 891 4131 1052 4211; x_wconf 86' lang='lat' dir='ltr'><strong>recitavit,</strong></span> <span class='ocrx_word' id='word_1_393' title='bbox 1077 4148 1137 4216; x_wconf 89' lang='grc'><strong>666</strong></span> <span class='ocrx_word' id='word_1_394' title='bbox 1158 4133 1347 4215; x_wconf 85' lang='lat' dir='ltr'><strong>interempto</strong></span> <span class='ocrx_word' id='word_1_395' title='bbox 1370 4151 1409 4197; x_wconf 91' lang='grc'><strong>66</strong></span> 
     </span>
     <span class='ocr_line' id='line_1_46' title="bbox 277 4209 1407 4284; baseline 0.003 -6"><span class='ocrx_word' id='word_1_396' title='bbox 277 4216 453 4280; x_wconf 81' lang='lat' dir='ltr'><strong>maiestatis</strong></span> <span class='ocrx_word' id='word_1_397' title='bbox 478 4209 672 4281; x_wconf 70' lang='lat' dir='ltr'><strong>abacorum</strong></span> <span class='ocrx_word' id='word_1_398' title='bbox 693 4215 846 4281; x_wconf 85' lang='lat' dir='ltr'><strong>metuenti</strong></span> <span class='ocrx_word' id='word_1_399' title='bbox 869 4215 901 4282; x_wconf 90' lang='grc'><strong>16</strong></span> <span class='ocrx_word' id='word_1_400' title='bbox 925 4217 1085 4284; x_wconf 88' lang='lat' dir='ltr'><strong>ecclesiam</strong></span> <span class='ocrx_word' id='word_1_401' title='bbox 1108 4217 1311 4284; x_wconf 81' lang='lat' dir='ltr'><strong>christianam</strong></span> <span class='ocrx_word' id='word_1_402' title='bbox 1334 4230 1407 4282; x_wconf 90' lang='lat' dir='ltr'><strong>con-</strong></span> 
     </span>
     <span class='ocr_line' id='line_1_47' title="bbox 277 4296 1406 4386; baseline 0.003 -22"><span class='ocrx_word' id='word_1_403' title='bbox 277 4300 460 4382; x_wconf 79' lang='lat' dir='ltr'><strong>fugiendum</strong></span> <span class='ocrx_word' id='word_1_404' title='bbox 488 4302 565 4366; x_wconf 84' lang='lat' dir='ltr'><strong>erat.</strong></span> <span class='ocrx_word' id='word_1_405' title='bbox 610 4296 774 4366; x_wconf 81' lang='lat' dir='ltr'><strong>Theodosii</strong></span> <span class='ocrx_word' id='word_1_406' title='bbox 805 4314 877 4367; x_wconf 83' lang='lat' dir='ltr'><strong>veru</strong></span> <span class='ocrx_word' id='word_1_407' title='bbox 904 4302 1001 4368; x_wconf 84' lang='lat' dir='ltr'><strong>animi</strong></span> <span class='ocrx_word' id='word_1_408' title='bbox 1030 4304 1242 4386; x_wconf 84' lang='lat' dir='ltr'><strong>granditatem</strong></span> <span class='ocrx_word' id='word_1_409' title='bbox 1273 4301 1406 4382; x_wconf 86' lang='lat' dir='ltr'><strong>mireris,</strong></span> 
     </span>
     <span class='ocr_line' id='line_1_48' title="bbox 277 4385 1508 4473; baseline 0.005 -25"><span class='ocrx_word' id='word_1_410' title='bbox 277 4385 330 4467; x_wconf 88' lang='lat' dir='ltr'><strong>qui</strong></span> <span class='ocrx_word' id='word_1_411' title='bbox 353 4387 385 4451; x_wconf 83' lang='grc'><strong>61</strong></span> <span class='ocrx_word' id='word_1_412' title='bbox 412 4385 650 4468; x_wconf 77' lang='lat' dir='ltr'><strong>ignotumque</strong></span> <span class='ocrx_word' id='word_1_413' title='bbox 672 4397 810 4470; x_wconf 81' lang='lat' dir='ltr'><strong>unquam</strong></span> <span class='ocrx_word' id='word_1_414' title='bbox 832 4388 941 4471; x_wconf 83' lang='grc'><strong>666166</strong></span> <span class='ocrx_word' id='word_1_415' title='bbox 968 4407 1038 4453; x_wconf 83' lang='lat' dir='ltr'><strong>urm</strong></span> <span class='ocrx_word' id='word_1_416' title='bbox 1061 4387 1246 4473; x_wconf 79' lang='lat' dir='ltr'><strong>Symmacho</strong></span> <span class='ocrx_word' id='word_1_417' title='bbox 1271 4405 1331 4452; x_wconf 93' lang='lat' dir='ltr'><strong>non</strong></span> <span class='ocrx_word' id='word_1_418' title='bbox 1354 4405 1406 4454; x_wconf 91' lang='lat' dir='ltr'><strong>eo·</strong></span> <span class='ocrx_word' id='word_1_419' title='bbox 1505 4403 1508 4414; x_wconf 44' lang='lat'><strong>,</strong></span> 
     </span>
     <span class='ocr_line' id='line_1_49' title="bbox 277 4469 1407 4559; baseline 0.007 -27"><span class='ocrx_word' id='word_1_420' title='bbox 277 4470 371 4533; x_wconf 87' lang='lat' dir='ltr'><strong>miter</strong></span> <span class='ocrx_word' id='word_1_421' title='bbox 393 4471 496 4553; x_wconf 79' lang='lat' dir='ltr'><strong>egisse</strong></span> <span class='ocrx_word' id='word_1_422' title='bbox 516 4471 648 4538; x_wconf 75' lang='lat' dir='ltr'><strong>videus.</strong></span> <span class='ocrx_word' id='word_1_423' title='bbox 671 4473 784 4538; x_wconf 79' lang='lat' dir='ltr'><strong>Tellus</strong></span> <span class='ocrx_word' id='word_1_424' title='bbox 805 4473 880 4541; x_wconf 85' lang='grc'><strong>16611</strong></span> <span class='ocrx_word' id='word_1_425' title='bbox 903 4469 1058 4542; x_wconf 80' lang='lat' dir='ltr'><strong>mirabilis</strong></span> <span class='ocrx_word' id='word_1_426' title='bbox 1082 4472 1308 4540; x_wconf 83' lang='lat' dir='ltr'><strong>enarrationem</strong></span> <span class='ocrx_word' id='word_1_427' title='bbox 1323 4474 1407 4559; x_wconf 75' lang='lat' dir='ltr'><strong>leges</strong></span> 
     </span>
    </p>
   </div>
   <div class='ocr_carea' id='block_1_3' title="bbox 0 0 1620 5012">
    <p class='ocr_par' dir='ltr' id='par_1_5' title="bbox 0 0 1620 5012">
     <span class='ocr_line' id='line_1_50' title="bbox 0 0 1620 5012; baseline 0 0"><span class='ocrx_word' id='word_1_428' title='bbox 0 0 1620 5012; x_wconf 95' lang='lat' dir='ltr'><strong> </strong></span> 
     </span>
    </p>
   </div>
  </div>
 </body>
</html>
