3214 5012
1302 293 1342 359 21

316 485 352 554 ld
368 485 432 552 iere
447 484 494 551 est
508 484 729 569 argumentum
745 481 963 550 celeberrimae
975 481 1135 548 relationis
1151 480 1172 548 S
1260 481 1345 547 achi·

214 592 305 654 anae,
342 590 402 656 qua
424 572 526 637 orator
549 569 683 636 illustris
715 589 787 635 cum
820 569 911 635 initio
933 567 1070 636 dictums
1104 587 1169 634 esee
1214 567 1251 633 de
1280 567 1347 633 sola

216 679 269 728 ara
292 657 447 726 Victoriae
470 655 635 723 artioribus
658 657 706 720 his
729 656 843 720 finibus
866 673 928 721 non
951 653 1179 732 continebatur,
1203 651 1256 718 sed
1277 655 1346 718 lon·

214 749 284 834 ΡΡ
307 761 457 909 oessuc
479 742 582 842 Μ
604 741 722 825 ΡΜ
745 739 1346 902 falerataueratrum.

215 919 291 1004 gata
312 846 830 996 esssaeiniltlignissrlrlrlrolietffilrlrssurltrueius
846 910 1032 996 percrebuit,
1056 908 1108 994 qni
1131 911 1198 994 ipse
1214 909 1346 976 Christi-

216 1021 290 1069 anos
323 999 444 1084 ingenti
470 1003 585 1066 terrore
616 997 733 1078 affecit,
765 997 922 1077 verentes,
952 1016 990 1062 ne
1011 997 1179 1079 imperator
1208 995 1348 1062 disertis-

215 1090 294 1155 sime
324 1084 571 1150 adversariorum
593 1087 722 1167 patrono
752 1103 840 1150 aures
871 1085 1039 1168 praeberet.
1076 1081 1164 1163 Quod
1194 1101 1232 1146 ne
1261 1081 1348 1148 fieret

158 1181 163 1188 '
216 1174 371 1256 simulque
395 1172 430 1234 ut
444 1169 580 1234 iuuenile
595 1169 743 1254 principis
766 1165 929 1253 ingenium
946 1167 1041 1233 efficii
1064 1168 1112 1232 sui
1128 1169 1347 1245 commoneret,

216 1258 297 1343 quod
319 1259 353 1322 in
376 1254 566 1321 defendenda
589 1255 837 1321 Christianorum
860 1272 952 1320 causa
973 1256 1155 1335 versaretur,
1180 1253 1212 1318 id
1235 1272 1348 1318 munus

216 1345 398 1412 Ambrosius
421 1359 439 1405 a
467 1341 594 1406 numine
617 1342 676 1406 srbr
699 1341 875 1406 rmunctum
896 1337 1036 1424 putarit,
1072 1338 1120 1405 vir
1143 1339 1173 1405 et
1196 1358 1214 1405 a
1236 1337 1348 1422 populo

215 1432 305 1497 unice
318 1429 449 1494 dilectus
462 1429 493 1494 et
504 1428 537 1492 in
552 1428 642 1493 rebus
654 1427 788 1512 publicis
804 1423 1036 1492 versatissimus
1052 1424 1193 1508 idemque
1209 1442 1349 1490 summus

215 1518 247 1584 et
269 1515 371 1582 fautor
393 1513 608 1578 Valentiniani
637 1515 668 1578 et
690 1513 854 1578 consulter.
899 1511 941 1592 Is,
965 1510 1018 1575 ubi
1040 1509 1176 1592 primum
1199 1506 1236 1575 de
1255 1509 1349 1596 'Sym-

215 1601 317 1668 machi
340 1598 491 1682 petitione
514 1600 599 1666 fama
614 1597 762 1677 innotuit,
785 1597 965 1682 priusquam
988 1598 1091 1678 ipsum
1114 1596 1268 1678 exemplar
1282 1613 1350 1678 per-

215 1687 352 1771 legisset,
369 1685 493 1752 brevem
509 1685 763 1769 argumentorum
775 1681 1020 1748 confutationem
1036 1681 1208 1766 compesuit
1220 1699 1349 1766 eamque

216 1771 397 1857 imperatori
421 1769 544 1849 obtulit,
575 1789 652 1852 quae
683 1788 765 1834 nunc
794 1767 963 1833 intensius
987 1767 1135 1850 epistolas
1166 1767 1265 1833 fertm
1289 1767 1349 1846 17,

215 1858 296 1925 unde
326 1855 473 1941 colligas,
506 1857 657 1921 rationem
681 1856 712 1920 ct
739 1855 837 1932 viam,
866 1871 926 1939 qua
949 1851 1154 1937 Symmachus
1177 1871 1251 1918 usus
1274 1855 1349 1928 erat,

216 1944 392 2032 generatim
415 1941 540 2023 quidem
563 1939 591 2006 ei
612 1942 681 2005 tum
704 1940 768 2004 iam
791 1939 897 2005 notam
919 1939 1024 2003 fuisse.

319 2025 502 2092 Ambrosius
518 2025 590 2091 inde
606 2025 763 2092 exordium
779 2025 871 2110 capit,
887 2027 922 2090 ut
937 2041 1053 2104 omnes,
1070 2023 1123 2109 qui
1140 2026 1198 2090 sub
1212 2023 1352 2090 Romana

218 2111 333 2178 ditione
348 2111 466 2188 vivant,
488 2110 680 2194 imperatoris
698 2111 837 2176 nominet
851 2109 979 2188 milites,
1001 2109 1089 2175 illius
1106 2129 1176 2175 vero
1193 2129 1350 2176 summum

217 2195 510 2278 sanctissimumque
538 2215 651 2264 munus
681 2195 836 2262 sinificet
865 2195 1015 2261 militiam
1048 2213 1103 2280 pre
1126 2195 1191 2260 Dec
1225 2195 1351 2281 eiusque

216 2285 303 2352 cultu
325 2282 526 2364 susceptam:
556 2217 914 2367 Cumquegymmachus
937 2281 1054 2347 ineam
1076 2281 1264 2347 sententiam
1287 2281 1350 2347 dis-

213 2370 370 2454 putasset,
403 2368 440 2433 ut
473 2367 521 2432 nil
561 2367 624 2432 fere
660 2368 808 2434 interesse
843 2367 971 2448 diceret,
1005 2385 1064 2450 quo
1099 2367 1228 2449 quisque
1261 2367 1350 2433 modo

215 2474 328 2521 numen
350 2452 492 2519 diuinum
524 2453 650 2532 coleret,
683 2452 823 2537 episcopo
852 2451 925 2518 talis
953 2452 1055 2538 opinio
1077 2452 1242 2518 refutanda
1264 2453 1349 2518 ride-

215 2543 267 2606 tur
290 2557 388 2624 neque
404 2539 488 2604 ullus
504 2537 713 2604 admittendus
729 2539 831 2605 cultus
845 2540 966 2623 praeter
981 2537 1201 2604 Christianum.
1228 2537 1350 2622 „Aliter

215 2626 316 2692 enim“
347 2623 450 2707 inquit
481 2623 585 2706 „salus
612 2625 682 2690 tuta
710 2644 859 2691 essenon
890 2623 1017 2708 poterit,
1046 2623 1109 2689 nisi
1138 2625 1351 2708 unusquisque

216 2713 318 2778 Deum
339 2727 456 2789 verum,
480 2711 538 2775 hoc
561 2714 608 2775 eet
631 2710 731 2776 Deum
754 2710 1013 2789 Christianorum,
1048 2727 1148 2791 aquo
1170 2711 1281 2774 cuncta
1302 2729 1350 2774 re-

218 2797 345 2880 guntur,
368 2794 518 2860 veraciter
541 2794 652 2860 colat.“
686 2795 861 2862 Gentilium
891 2797 962 2862 deos
986 2794 1146 2860 daemonia
1167 2813 1253 2860 mera
1275 2814 1351 2871 esse,

218 2879 403 2964 quibuscum
426 2880 596 2946 consentire
623 2881 741 2947 nemini
774 2881 892 2948 liceret.
937 2881 1055 2946 Mirum
1083 2884 1165 2946 certe
1188 2899 1264 2958 esse,
1300 2893 1352 2945 eos

216 2967 253 3031 de
276 2964 398 3030 iniuriis
422 2966 519 3050 queri,
544 2965 596 3048 qui
620 2985 779 3050 nunquam
802 2966 1052 3032 Christianorum
1075 2967 1218 3050 sanguini
1242 2984 1351 3050 peper-

216 3051 339 3129 cissent,
364 3054 416 3132 qui
438 3050 505 3133 ipsa
527 3052 726 3117 ecclesiarum
749 3051 889 3126 aedilicia
917 3052 1122 3131 subruissent,
1148 3051 1201 3135 qui
1223 3052 1352 3118 Juliauo

217 3136 312 3202 etiam
343 3138 492 3220 regnante
529 3135 735 3214 ,Christianis
768 3139 914 3220 loquendi
948 3140 981 3202 et
1001 3136 1129 3203 docendi
1159 3155 1352 3204 communem

216 3241 306 3287 usum
323 3221 556 3305 denegassent“.
581 3222 778 3306 Tantumque
793 3225 907 3303 abesse,
926 3226 961 3288 ut
976 3243 1053 3308 quae
1069 3223 1119 3288 illi
1135 3223 1250 3289 vellent
1262 3223 1351 3288 resti-

216 3307 331 3372 tuenda
352 3306 541 3389 viderentur,
564 3309 601 3372 ut
623 3307 650 3372 si
666 3308 730 3373 iam
751 3308 855 3372 ablata
871 3328 930 3375 non
947 3310 1060 3388 essent,
1083 3310 1191 3374 statim
1214 3308 1353 3374 tollenda

216 3393 328 3458 essent.
374 3392 482 3457 Monet
504 3393 735 3475 imperatorem,
767 3413 805 3457 ne
828 3393 971 3459 Gratiani
994 3395 1112 3460 statuta
1135 3394 1167 3458 et
1188 3395 1353 3478 praecepta

215 3477 400 3561 rescinderet
422 3496 499 3544 neve
533 3495 638 3543 eorum
671 3477 826 3544 illecebris
860 3497 891 3543 se
920 3477 1071 3546 devinciri
1103 3480 1270 3562 pateretur,
1299 3481 1351 3562 qui

215 3563 342 3629 mollem
364 3564 561 3647 imperatoris
576 3565 712 3629 aetatem
734 3564 843 3629 fallere
866 3566 1060 3630 conarentur.
1085 3563 1189 3648 thue
1211 3565 1244 3629 in
1260 3568 1351 3630 rebus

215 3648 404 3714 militaribus
426 3648 453 3714 is
481 3647 650 3729 audiretur,
686 3649 740 3732 qui
763 3649 946 3716 exercitatus
969 3652 1049 3716 esset
1079 3647 1111 3715 in
1134 3650 1271 3733 proeliis,
1305 3650 1352 3715 ita

216 3752 286 3799 cum
309 3736 345 3799 de
368 3733 518 3819 religione
541 3736 694 3818 ageretur,
718 3735 818 3800 Deum
848 3754 915 3800 esse
937 3734 1135 3800 audiendum.
1183 3733 1349 3818 „Nullius“

215 3814 302 3884 addit
328 3817 460 3898 ,iniuria
482 3828 537 3900 est,
562 3823 610 3886 cui
636 3819 721 3886 Deus
745 3821 940 3906 omnipotens
963 3821 1181 3886 anteferatur.“
1230 3820 1351 3885 Adhor-

215 3905 301 3968 tatur
323 3903 552 3988 imperatorem,
576 3926 615 3972 ne
639 3907 683 3971 cis
707 3925 796 3971 aures
812 3905 982 3992 praeberet,
1007 3904 1273 3990 quiquamquam
1290 3906 1351 3990 ipsi

216 3987 332 4054 Christi
349 3990 475 4056 nomine
490 3991 648 4078 appellati,
665 3991 902 4059 idololatrorum
917 3997 1022 4057 tamen
1037 3991 1185 4074 petitioni
1200 3991 1351 4071 faverent,

216 4091 295 4158 quae
318 4075 513 4160 negligentia
546 4079 616 4158 ipsa
648 4080 711 4141 iam
733 4079 816 4142 esset
838 4075 976 4155 scelesta,
1009 4095 1082 4142 narn
1112 4077 1273 4160 ,quisquis
1296 4077 1353 4142 hoc

216 4159 327 4224 suadet
350 4157 502 4225 sacrificat
525 4161 556 4225 et
571 4159 711 4244 quisquis
733 4162 791 4227 hoc
811 4162 954 4228 statuit“.
1001 4161 1159 4241 Senatum,
1184 4177 1275 4244 quem
1290 4159 1353 4226 iam

215 4245 318 4322 totum
352 4245 601 4313 christianornm
635 4266 700 4312 esse
730 4247 870 4328 simulat,
906 4247 1076 4334 periclitari
1109 4247 1164 4328 ait,
1199 4249 1231 4314 et
1264 4249 1353 4330 quasi

217 4347 322 4397 omnes
336 4333 490 4397 senatores
505 4332 543 4396 ut
558 4349 644 4422 sacra
660 4331 796 4396 iacerent
811 4336 1005 4418 cogerentur,
1019 4334 1160 4483 aregutius
1174 4350 1247 4399 sane
1259 4352 1352 4418 quam

217 4416 322 4482 v'eriue
345 4417 509 4486 exclamat:
535 4434 625 4500 „cum
642 4418 726 4482 ouria
741 4417 857 4483 maiore
875 4418 940 4483 iam
955 4417 1043 4484 Chris
1061 4419 1202 4485 ianorum
1225 4438 1352 4486 numero

218 4497 262 4563 sit
284 4501 406 4586 referta,
429 4503 673 4588 persecutionem
697 4521 763 4568 esse
793 4501 929 4568 crederet
951 4501 1155 4583 Christianus,
1186 4504 1239 4587 qui
1262 4523 1352 4592 coge·
1461 4539 1464 4542 ·
