3214 5012
260 252 303 318 24

258 439 510 521 percensendam,
542 457 603 520 qua
624 442 659 504 ut
688 437 898 504 emolumenta
924 437 1133 505 sacerdotibus
1155 437 1388 523 virginibusque

260 525 440 590 Vestalibus
456 525 600 589 darentur
621 525 809 607 poposcerat.
848 523 949 604 Quam
970 523 1208 606 ignominiosam
1228 524 1274 590 ait
1290 525 1388 591 videri

259 609 491 676 immunitatem
518 609 609 674 illam
643 610 718 674 adeo
752 608 973 674 necessariam!
1011 609 1081 674 Non
1115 629 1186 693 ergo
1217 611 1388 694 gratuitam

260 715 325 760 esse
348 696 572 778 virginitatem,
597 694 651 760 sed
673 694 746 760 selis
768 694 936 760 honoribus
960 696 991 760 et
1013 694 1157 778 praemiis
1180 701 1387 776 provocatam,

217 843 224 852 .
259 782 355 846 immo
377 781 422 847 ita
437 799 556 863 quoque
572 780 623 847 vix
638 799 823 862 quemquam
838 780 935 857 allici,
959 801 1032 847 eum
1054 799 1200 844 numerus
1213 780 1389 846 Vestalium

259 866 450 951 perexiguus,
476 867 526 933 vix
541 869 659 947 septem
674 865 795 947 puellae
811 867 917 949 captae
938 867 1050 930 esseut.
1074 864 1267 930 Christianae
1283 869 1390 930 contra

259 951 396 1035 virgines
430 951 525 1016 nullis
560 951 800 1033 pulchritudiuis
834 951 1015 1029 lenociniis,
1055 950 1151 1016 nullis
1183 971 1390 1033 purpurarum

260 1037 451 1120 insignibus,
481 1037 567 1102 nullo
592 1037 772 1101 deliciarum
799 1037 875 1101 luxu
897 1039 933 1102 ut
955 1055 1011 1102 sua
1032 1039 1142 1118 sponte
1166 1037 1390 1102 continentiam

259 1121 475 1206 profiterentur
509 1120 630 1186 adduci.
675 1121 812 1204 Cumque
845 1122 974 1205 gentiles
996 1124 1033 1185 ut
1055 1121 1093 1186 ad
1122 1122 1294 1188 sacerdotes
1319 1139 1390 1188 suos

260 1208 396 1292 praemia
418 1208 449 1272 et
470 1207 619 1273 beneficia
634 1206 826 1274 deferrentur
839 1207 1032 1290 petivissent,
1057 1209 1182 1290 opponit
1198 1209 1242 1273 eis
1258 1207 1391 1274 Christi·

260 1313 347 1374 anos,
375 1294 461 1376 ,qui,
486 1311 672 1376 quamquam
695 1293 739 1358 eis
762 1293 856 1359 etiam
884 1293 1023 1375 privatae
1047 1294 1249 1360 successionis
1273 1294 1391 1359 emolu·

259 1381 366 1445 menta
381 1380 581 1461 denegentur,
604 1395 664 1444 nou
686 1381 790 1444 tamen
808 1380 1065 1462 conquerantur“.
1111 1379 1178 1446 lam
1194 1399 1254 1461 qua
1270 1397 1392 1444 summa

262 1465 379 1530 iniuria
406 1464 440 1529 iu
463 1462 652 1530 Christianos
675 1464 941 1530 animadvertatur
968 1464 1113 1546 exemplis
1141 1465 1270 1547 prolatis
1305 1466 1391 1547 pate-

260 1548 338 1616 facit
361 1551 452 1633 atque
479 1550 627 1616 illustrat.
675 1551 780 1632 ,Quod
810 1550 1019 1616 sacerdotibus
1046 1549 1111 1615 faui
1137 1549 1288 1634 legaverit
1310 1549 1392 1614 chri-

262 1636 363 1702 stiana
386 1636 478 1701 vidua
502 1637 594 1717 valet,
619 1636 700 1719 quod
721 1637 876 1702 ministris
892 1637 951 1702 Dei
974 1654 1035 1700 non
1058 1635 1170 1700 valet.“
1202 1636 1243 1700 Et
1264 1635 1393 1718 reliquis

161 1735 165 1740 '
260 1721 386 1787 iniuriis
419 1722 576 1804 percensis
611 1722 832 1806 gloriabundus
860 1717 1108 1788 Christianorum
1139 1741 1240 1788 mores
1274 1720 1390 1785 laudat.

262 1807 442 1892 „Possessio
465 1807 613 1871 ecclesiae
636 1809 779 1888 sumptus
808 1810 856 1873 est
884 1826 1058 1890 egenorum.
1104 1805 1293 1883 Numereut,
1317 1825 1393 1888 quos

260 1891 448 1957 redemerint
460 1893 577 1974 templa
590 1892 735 1975 captivos,
749 1912 825 1976 quae
838 1891 1028 1960 contulerint
1039 1892 1188 1958 alimenta
1197 1891 1393 1974 pauperibus,

262 1980 375 2062 quibus
400 1977 543 2042 exulibus
560 1978 685 2044 vivendi
708 1979 846 2044 subsidia
867 1978 1123 2044 ministraverint.
1152 1977 1283 2042 Praedia
1297 1976 1395 2060 igitur

260 2064 432 2145 intercepta
456 2064 540 2140 sunt,
563 2082 623 2126 nou
645 2064 743 2127 iura.“
789 2065 856 2128 lam
879 2064 918 2128 ad
941 2065 1054 2128 famem
1077 2063 1210 2139 devenit,
1241 2082 1301 2146 qua
1323 2065 1393 2127 deo-

261 2168 331 2213 rum
353 2148 432 2212 iram
456 2147 625 2232 significari
649 2149 817 2228 putabant,
847 2151 927 2232 quod
950 2150 1169 2231 argumentum
1199 2166 1270 2212 cum
1292 2147 1394 2212 toturn

261 2233 485 2318 quodammodo
520 2233 681 2298 vacillaret
714 2239 742 2298 et
776 2235 981 2310 claudicaret,
1015 2251 1075 2297 non
1097 2251 1171 2296 sane
1200 2233 1246 2297 ita
1269 2233 1395 2297 difficile

262 2319 329 2386 erat
350 2319 486 2383 irridere.
532 2317 768 2398 Commemorat,
793 2320 913 2401 quoties
936 2318 1060 2402 vigente
1083 2318 1176 2383 etiam
1199 2318 1301 2400 prisco
1324 2317 1395 2384 deo-

261 2425 332 2471 rum
355 2403 442 2469 cultu
469 2405 608 2470 homiues
642 2405 688 2468 rei
717 2405 937 2470 frumentariae
969 2403 1075 2484 inopia
1107 2404 1331 2482 laboraverint,
1366 2405 1397 2470 et

263 2509 355 2574 quam
384 2489 538 2554 iniustum
566 2489 708 2554 futurum
742 2489 851 2554 luisset
873 2489 1043 2572 signifieat,
1080 2488 1107 2552 si
1140 2490 1266 2571 propter
1299 2489 1396 2555 laesos

262 2575 433 2641 sacerdotes
468 2593 581 2657 paucos
614 2592 720 2638 omnes
754 2575 938 2656 punirentur
971 2573 1122 2652 heminae,
1161 2573 1396 2652 ,inclementior

263 2662 347 2727 enim
371 2662 451 2725 esset
475 2661 618 2738 vindicta,
643 2678 735 2742 quam
758 2661 879 2742 culpat.
927 2659 1043 2739 Quidni
1067 2661 1115 2724 dei
1138 2661 1339 2725 contumelias
1360 2679 1394 2725 eo

262 2751 398 2823 tempore
422 2746 484 2811 ulti
507 2746 572 2810 sint
594 2745 731 2829 quaerit,
756 2765 826 2810 eum
848 2744 913 2810 toto
936 2745 1187 2811 terrarumcrba
1210 2746 1397 2827 templorum

263 2833 331 2899 iura
360 2831 562 2897 tollebantur.
609 2831 660 2894 An
681 2831 750 2895 tum
773 2830 899 2896 demum
921 2830 1107 2895 iniuriarum
1134 2830 1178 2896 eis
1206 2834 1237 2896 in
1259 2834 1398 2895 mentem

263 2916 405 2983 venisse?
439 2917 499 2998 Qui
533 2935 603 2981 vero
631 2915 664 2980 id
687 2915 850 2999 explicari,
884 2919 964 2998 quod
987 2916 1125 2998 proxima
1156 2916 1264 2981 statim
1286 2915 1398 2980 messis

263 3003 369 3068 secuta
398 3001 440 3066 sit
468 3002 678 3080 fertilissima,
712 3001 840 3084 ipsoque
868 3001 924 3066 illo
954 3021 1033 3066 anuo
1066 3001 1203 3066 infausto
1231 3003 1397 3081 pleraeque

263 3087 441 3170 provinciae
473 3087 615 3170 strigibus
649 3086 906 3165 redundaverint,
941 3087 1046 3152 Callia
1078 3087 1237 3165 videlicet,
1275 3087 1399 3151 Panno·

264 3173 330 3249 nia,
365 3173 511 3252 Rhaetia,
545 3171 691 3256 Liguria,
717 3171 873 3239 Venetiae.
915 3173 999 3254 Quae
1023 3189 1091 3237 vero
1115 3171 1281 3237 adversarii
1305 3170 1399 3264 polli7

265 3257 320 3324 citi
343 3261 440 3341 erant,
463 3260 528 3324 fore
544 3259 580 3322 ut
602 3258 803 3340 imperatores
819 3277 837 3322 a
852 3259 928 3337 deis,
953 3258 1093 3324 simodo
1117 3274 1167 3319 eos
1190 3253 1313 3348 publice
1336 3251 1397 3313 colr

264 3346 434 3422 curassent,
457 3344 704 3423 defenderentur,
728 3345 852 3409 omniuo
868 3346 972 3425 negat.
1008 3338 1180 3404 Gentilium
1196 3356 1278 3432 emm
1302 3351 1397 3432 sacra,

265 3430 378 3513 quibus
401 3448 439 3494 ue
461 3428 521 3511 ipsi
538 3430 662 3514 quidem
686 3429 842 3495 idololatri
859 3425 1095 3502 custodirentur,
1120 3440 1153 3486 eo
1177 3421 1271 3518 etnam
1294 3439 1398 3485 munus

263 3515 377 3580 salutis
393 3514 537 3581 adlatura
553 3515 800 3597 imperatoribus,
818 3513 871 3594 qui
884 3508 1062 3576 numinibus
1079 3523 1139 3570 non
1155 3506 1272 3570 addrctr
1289 3506 1398 3570 esseut.

264 3599 378 3666 Contra
401 3600 635 3684 Symmachum,
665 3599 718 3681 qui
740 3600 776 3663 ut
798 3615 899 3661 mores
922 3597 955 3660 et
979 3590 1216 3658 eonsuetudines
1245 3590 1399 3657 maiorum

265 3687 469 3765 servarentur,
493 3686 682 3770 poposcerat,
699 3682 884 3748 Ambrosius
900 3699 935 3746 ea
959 3677 1080 3743 ratione
1102 3677 1212 3754 utitur,
1237 3677 1272 3742 ut
1294 3677 1413 3758 omnia¹

265 3772 417 3854 paulatim
445 3773 478 3837 in
504 3772 618 3837 melius
648 3770 783 3834 converti
814 3767 897 3832 dicat
926 3783 1024 3847 neque
1056 3764 1155 3844 priore
1183 3762 1249 3826 loco
1280 3782 1400 3845 semper

264 3876 398 3922 manere.
443 3857 597 3923 Mundum
625 3854 728 3938 ipsum
756 3852 848 3916 initio
881 3848 996 3915 molem
1023 3848 1118 3914 fuisse
1151 3848 1341 3931 indigestam
1370 3850 1401 3913 et

265 3960 429 4027 progressu
445 3941 593 4025 temporis
608 3937 787 4003 discrimine
810 3936 892 4000 facto
916 3935 1003 4018 coeli,
1025 3933 1130 4012 maris,
1153 3937 1253 3998 terrae
1267 3933 1399 3999 formam

265 4047 353 4094 suam
375 4027 535 4109 recepisse,
559 4021 716 4105 similique
737 4022 828 4086 medo
850 4022 981 4086 humum
1003 4019 1131 4085 floribus
1152 4019 1300 4105 primum,
1333 4022 1401 4084 tum

265 4113 417 4180 fructibus
440 4111 551 4176 ornari.
595 4109 711 4190 Eadem
744 4108 862 4172 ratione
891 4107 1030 4174 homines
1060 4125 1179 4190 quoque
1208 4103 1400 4190 procedenti-

266 4202 323 4264 bus
346 4199 434 4264 aunis
463 4193 613 4261 infantiae
642 4211 750 4258 sensus
773 4195 940 4278 deponere3
961 4194 1075 4276 itaque
1098 4189 1302 4288 christianam
1325 4187 1401 4287 reli·

266 4283 391 4370 giouem
423 4283 456 4348 iu
489 4281 593 4347 locum
625 4279 763 4364 priorum
785 4278 961 4346 successise.
1009 4276 1127 4356 ,Nulla
1149 4277 1252 4373 enrrn“
1285 4273 1430 4355 rnqurt,'

271 4369 356 4448 ,sine
371 4366 544 4434 adversario
560 4385 671 4433 corona
686 4368 839 4445 victoriae,
862 4366 917 4430 sed
939 4364 1062 4446 explosa
1084 4381 1120 4426 ea
1143 4376 1297 4441 oprnrone,
1322 4377 1399 4442 quae

267 4456 340 4518 ante
363 4455 528 4535 convaluit,
550 4453 584 4520 id
604 4453 685 4539 quod
707 4459 771 4518 erat
794 4471 901 4519 verum
923 4450 989 4516 iure
1011 4447 1184 4532 praelatum
1206 4445 1285 4509 est.“
1312 4445 1397 4510 Eun·
