3214 5012
1262 295 1305 360 29

174 497 233 561 hus
256 491 403 572 Maximi,
436 508 514 574 quae
545 489 683 555 simale
713 487 879 552 cesserunt.
923 485 1001 550 Rem
1028 482 1130 564 ipsam
1146 487 1304 565 ·quoniam

175 595 270 664 supra
290 577 356 644 iam
378 574 699 655 commemoravimus,
735 573 793 637 hoe
815 571 882 636 loco
905 569 1086 635 testimonia
1106 573 1304 650 proferemus.

175 665 279 730 Testis
302 662 592 746 praestantissimus
609 660 656 724 est
673 657 844 724 Cassiodor.
860 655 934 720 hist.
951 657 1023 740 trip.
1042 655 1071 732 9,
1095 653 1153 718 23:
1171 654 1306 731 ,Verum

175 751 347 833 imperator
378 747 565 812 Theodosius
599 745 673 809 dum
705 745 874 827 tyrannum
907 740 1141 826 aggrederetur,
1176 755 1306 820 cognos-

177 838 283 900 centes
304 833 434 898 Maximi
455 831 574 898 milites
602 829 810 914 praesentiam
835 827 1051 893 instructionis
1073 824 1245 905 Mperialis
1275 825 1306 887 et

178 922 337 1004 signorum
360 920 424 982 eius
447 918 629 994 adventum,
663 935 718 980 nec
740 915 841 978 famae
875 912 1000 995 quidem
1032 912 1130 995 ipsius
1156 910 1306 994 impetum

176 1003 331 1070 sustinere
357 1002 614 1085 praevaluerunt,
649 1003 701 1066 sed
735 1001 996 1084 apprehendentes
1023 1001 1192 1080 tyrannum
1216 995 1306 1058 vinc-

175 1093 247 1156 tum
267 1088 297 1153 ei
318 1091 459 1170 protinus
483 1088 680 1165 obtulerunt,
714 1091 767 1168 qui
801 1085 907 1150 eodem
939 1086 1101 1147 consulatu
1127 1082 1306 1164 peremptus

176 1177 223 1240 est
244 1175 377 1256 septima
400 1174 432 1238 et
455 1173 605 1258 'vigesima
626 1173 676 1236 die
698 1171 834 1254 Augusti
855 1169 972 1234 mensis
996 1217 1002 1231 .
1028 1218 1035 1232 .
1060 1217 1066 1231 .
1101 1167 1187 1230 Tunc
1208 1166 1307 1250 igitur

179 1261 377 1342 imperatores
400 1259 641 1324 Valentinianus
675 1259 706 1321 et
728 1255 917 1321 Theodosius
945 1256 1069 1336 peracta
1096 1252 1226 1318 victoria
1253 1263 1319 1315 ue··

179 1364 250 1410 uere
272 1345 411 1410 Romam.
456 1344 533 1410 Mrat
555 1343 639 1409 enim
666 1361 738 1408 cum
767 1343 812 1406 eis
840 1340 957 1425 pariter
985 1343 1017 1403 et
1039 1337 1190 1404 Honorios
1218 1336 1307 1402 valde

177 1449 284 1513 puer.
308 1478 316 1494 .
340 1479 348 1494 .
393 1431 536 1513 Dumque
563 1431 598 1492 in
621 1429 761 1493 Romana
794 1427 870 1491 mbo
892 1427 1086 1490 morarentur
1119 1422 1305 1488 festivitates

177 1534 231 1599 pro
243 1515 376 1581 victoria
387 1516 588 1595 celebrantes,
610 1514 687 1578 tuno
698 1530 787 1578 suam
802 1511 975 1576 bonitatem
993 1511 1073 1576 cirea
1087 1509 1306 1592 Symmachum

177 1602 372 1666 exconsulem
393 1601 581 1666 Theodosius
609 1599 778 1682 imperator
806 1599 951 1662 ostendit.
997 1597 1028 1661 Is
1057 1596 1141 1660 enim
1165 1593 1307 1676 Symma-

177 1687 253 1751 chus
286 1689 369 1750 inter
406 1689 559 1752 senatores
594 1684 776 1769 praecipuus
810 1683 980 1748 habebatur
1017 1682 1142 1763 eratque
1174 1679 1306 1744 Romani

178 1771 292 1854 eloquii
322 1771 490 1836 eruditione
516 1771 685 1850 mirabilis,
720 1771 808 1833 euius
841 1769 937 1833 multi
964 1785 1085 1850 quoque
1113 1766 1307 1847 reperiuntur

178 1857 261 1922 lion.
306 1857 437 1939 Scripsit
459 1858 565 1922 autem
586 1853 716 1922 Maximi
738 1855 862 1919 laudem
885 1871 1011 1936 eamque
1033 1854 1191 1930 recitavit,
1227 1849 1307 1914 unde

179 1945 286 2026 postea
318 1962 386 2007 reus
418 1943 590 2007 maiestatis
624 1961 689 2006 esse
723 1940 895 2005 videbatur.
940 1938 1145 2020 Quamobrem
1175 1939 1307 2002 mortem

177 2031 320 2092 metuens
342 2027 482 2110 confugit
502 2027 536 2092 in
558 2027 728 2091 ecclesiam.
769 2025 882 2090 Verum
909 2023 1090 2106 imperator,
1125 2041 1196 2088 cum
1226 2025 1308 2086 esset

180 2112 422 2194 perfectissimae
444 2113 680 2178 christianitatis
703 2115 734 2176 et
756 2129 819 2175 non
840 2111 941 2175 solum
963 2127 1035 2174 suae
1049 2109 1120 2174 fidei
1136 2107 1307 2172 sacerdotes

179 2200 342 2261 honoraret
363 2197 418 2261 sed
441 2197 537 2262 etiam
559 2197 765 2277 Novatianos,
800 2195 852 2279 qui
874 2194 1011 2280 proxime
1041 2196 1138 2278 ipsius
1160 2193 1232 2258 fidei
1255 2194 1307 2257 de-

178 2283 262 2346 creta
283 2284 450 2362 servarent,
475 2283 602 2347 Leontio
625 2287 699 2348 tunc
721 2283 859 2347 Romano
882 2284 1020 2364 episcopo
1043 2280 1186 2345 ecclesiae
1203 2278 1307 2343 Nora-

178 2369 333 2430 tianorum
361 2368 485 2448 roganti
512 2369 695 2433 beneficium
722 2371 892 2445 conferens,
927 2365 1148 2450 Symmachum
1176 2365 1309 2430 absolvit

178 2470 196 2515 a
218 2452 355 2550 crimine.
390 2457 529 2536 dumque
552 2453 673 2518 ueniam
696 2454 896 2538 Symmachus
918 2453 1095 2530 meruisset,
1124 2449 1306 2533 Apologeti·

179 2554 263 2616 cum,
287 2538 319 2601 1d
341 2542 388 2602 est
416 2537 693 2623 satisfactionalem
721 2543 835 2604 librum
853 2539 1023 2604 'fheodosio
1045 2537 1227 2617 conscripsit
1248 2538 1308 2600 im-

178 2623 341 2706 peratori.“
367 2623 405 2686 In
427 2625 485 2687 hac
506 2626 682 2690 narratione
704 2626 798 2708 plana
820 2631 851 2690 et
872 2624 1032 2708 perspicua
1055 2623 1087 2687 id
1103 2632 1194 2686 modo
1209 2623 1307 2688 mira·

137 2745 141 2752 ·
180 2709 241 2772 hile
263 2709 353 2784 inest,
377 2710 458 2791 quod
473 2727 499 2774 a.
523 2711 607 2788 388,
631 2729 690 2793 quo
703 2711 857 2774 Maximus
879 2711 1061 2773 interfectus
1083 2712 1130 2773 est
1152 2711 1184 2771 et
1206 2711 1309 2772 orator

181 2793 214 2854 in
236 2793 393 2858 ecclesiam
416 2795 566 2878 confugit,
589 2797 653 2859 iam
676 2797 853 2859 nominatur
875 2795 1028 2872 exconsul,
1053 2813 1123 2860 cum
1139 2811 1165 2856 a.
1183 2793 1308 2857 demum

181 2878 251 2941 391.
274 2882 417 2960 primum,
442 2891 522 2962 quod
547 2879 672 2960 scimus,
696 2882 891 2945 consulatum
914 2883 1053 2966 gesserit.
1098 2881 1213 2944 Eadem
1236 2897 1307 2942 nar-

179 2965 259 3027 ratio
281 2967 410 3029 habetur
433 2967 513 3048 apud
536 2965 664 3050 Niceph.
688 2967 811 3031 Gallist.
837 2967 910 3031 hist.
935 2965 1007 3032 e'cel.
1034 2969 1082 3045 12,
1113 2966 1170 3046 21;
1200 2963 1306 3029 Socra-

177 3053 241 3113 tem
262 3049 292 3112 h.
316 3069 342 3113 e.
365 3053 395 3129 5,
427 3057 482 3130 143
512 3051 640 3116 Suidam
667 3071 692 3116 s.
716 3071 743 3116 v.
767 3049 977 3128 καθοσίωσις.
1015 3051 1218 3134 Symmachus
1240 3049 1307 3132 ipse

177 3151 242 3199 rem
264 3135 512 3219 ingratissimam
536 3138 671 3202 demisse
700 3137 805 3202 anime
833 3143 864 3202 et
891 3141 992 3203 verbis
1015 3137 1170 3202 flebilibus
1197 3136 1307 3218 attigit

180 3237 234 3318 ep..
250 3219 279 3298 8,
302 3223 359 3286 69:
385 3223 510 3301 ,Unum
532 3225 644 3305 quippe
667 3223 724 3287 hoc
746 3224 923 3287 litterarum
940 3242 1037 3307 genus
1054 3222 1215 3304 (epistolas
1231 3222 1307 3286 dicit

178 3306 366 3390 scrrbendas)
400 3317 540 3389 superest
573 3310 643 3390 post
676 3325 796 3372 amaros
830 3327 916 3372 casus
951 3309 1126 3372 orationum
1156 3325 1304 3385 mearum,

178 3392 258 3472 quod
279 3411 329 3456 me
351 3393 391 3456 ad
413 3413 504 3457 usum
526 3393 679 3458 scrrbendi
702 3393 799 3474 possit
823 3395 974 3460 allicere.“
1008 3396 1058 3458 Ad
1080 3393 1307 3476 apologeticum

178 3475 294 3540 librum
316 3476 483 3574 [theodosio
506 3482 639 3544 missum
661 3483 817 3564 spectant,
852 3497 929 3560 quae
963 3483 1036 3543 sunt
1063 3480 1096 3542 in
1124 3481 1224 3559 ep.2,
1250 3479 1306 3541 13:

136 3580 144 3594 ⁴
181 3559 277 3639 ,Cum
300 3565 405 3629 civiles
433 3566 464 3629 et
486 3565 613 3630 bellicas
645 3567 750 3631 laudes
780 3565 895 3630 domini
924 3568 1023 3631 nostri
1045 3564 1210 3628 Theodosii
1239 3565 1306 3627 stili

177 3648 290 3744 honore
311 3666 517 3730 percurrerem
541 3652 655 3734 (magis
684 3653 766 3717 enim
789 3651 954 3736 contigisse
982 3669 1032 3716 me
1061 3649 1179 3726 omnia,
1213 3665 1307 3731 quam

177 3733 384 3832 satisfecisse
407 3737 539 3820 singulis
562 3738 691 3822 fateor),
717 3740 812 3802 etiam
834 3739 918 3820 leges
942 3737 1008 3801 eius
1032 3736 1119 3800 bonis
1141 3735 1227 3815 pacis
1251 3735 1306 3796 ad-

176 3836 302 3898 mrseur,
338 3839 413 3901 quas
436 3833 472 3886 uo
493 3841 638 3888 noveram
660 3825 770 3904 priscis
798 3823 949 3886 ademisse
975 3820 1227 3897 admirationem,
1261 3822 1308 3882 ita

176 3922 348 3970 reservasse
370 3909 457 3972 novis
480 3925 585 3990 parem
607 3909 740 3993 gloriam
764 3927 823 3974 non
845 3910 997 3992 putabam
1019 3911 1098 3971 ete“.
1121 3905 1251 3970 Paucnli
1272 3905 1306 3968 hi

176 4007 284 4054 versus
311 3993 401 4056 modo
428 3995 543 4078 prolati
572 3996 635 4059 iam
663 3997 879 4060 demonstrant
906 4000 1058 4059 oratorem
1091 3993 1307 4057 laudationum

177 4077 324 4142 cothurno
346 4080 569 4162 ingredientem
591 4083 622 4144 et
645 4081 727 4146 riam
750 4083 788 4145 ab
811 4082 955 4146 omnibus
978 4081 1087 4144 tritam
1110 4081 1212 4160 ipsum
1231 4093 1305 4160 quo·

178 4178 235 4241 que
258 4172 445 4246 carpentem.
711 4196 713 4200 ·

278 4267 479 4350 Oreticum,
520 4290 596 4352 quae
628 4273 692 4338 iam
729 4290 854 4352 prorsus
892 4269 1068 4353 deperditae
1105 4268 1306 4348 habebantur,

177 4348 349 4448 fragmenta
382 4357 533 4440 quaedam
560 4357 599 4422 A.
623 4358 725 4423 Maius
752 4359 872 4425 invenit
905 4361 1084 4441 primusque
1114 4353 1211 4418 edidit
1237 4355 1305 4420 Me-

177 4437 294 4506 diolani
318 4443 419 4524 1815,
443 4443 481 4508 ad
504 4463 583 4526 quae
605 4451 710 4528 postea
731 4464 830 4528 pauca
851 4445 1002 4527 quaedam
1025 4443 1229 4510 accesserunt.
