3214 5012
265 271 306 335 ab
384 324 387 329 .

264 450 435 548 minoribus
454 451 489 516 at
501 450 695 536 quohdiauie
717 453 891 533 versentur,
914 471 983 521 raro
1006 473 1069 521 una
1085 457 1135 523 vel
1156 457 1253 524 altera
1267 460 1300 523 ot
1322 479 1393 544 gra·

264 553 350 600 mm
365 535 567 698 &wantiam
589 621 719 720 dicenda
735 623 816 720 'snut
838 620 971 722 facilins.
983 625 1230 706 explicabuntur,
1254 627 1281 690 si
1303 629 1394 692 antea

263 722 430 788 aquenum
453 706 578 772 litterae
600 725 634 770 m
656 707 816 788 pubhcum
830 708 932 773 edrtae
947 712 1012 774 srnt
1026 710 1282 791 quaesiverimus.
1306 711 1393 776 Non-

263 792 368 856 nullas
385 791 455 857 vivo
477 792 573 856 etiam
594 791 782 875 Symmacho
803 793 842 856 ab
865 794 975 860 amicis
998 795 1142 876 vulgatas
1165 814 1241 872 esse,
1264 797 1391 880 colligas

260 895 304 940 ex.
328 892 375 958 ep.
398 879 429 954 5,
452 876 513 942 86:
540 878 600 954 ,nt
621 879 727 942 tamen
749 879 904 944 voluntati
926 883 998 946 tuae
1020 882 1096 964 (qua
1117 883 1153 943 ut
1175 883 1394 961 responderem

259 961 442 1061 poposcisti)
466 979 558 1060 pareo
586 981 642 1062 nec
663 981 784 1042 vereor,
814 980 853 1028 ne
874 964 990 1062 temere
1012 983 1030 1028 a
1051 984 1102 1029 me
1125 964 1220 1030 effusa
1242 965 1337 1030 verbe
1358 968 1392 1030 in

259 1046 1283 1217 stillilld¹1blushaihah?”stultihullt
1289 1185 1296 1213 ‚
1310 1051 1392 1200 hil

260 1216 326 1281 tam
349 1216 568 1283 inscribendo
602 1217 794 1302 negligentia
821 1237 900 1299 mea,
936 1239 1030 1302 quam
1051 1222 1106 1284 tna
1139 1221 1169 1284 in
1196 1221 1392 1286 describendo

258 1300 424 1385 diligentia
439 1303 645 1385 displicebit.“
670 1303 752 1368 Nam
768 1323 853 1381 eum,
878 1323 917 1368 ne
932 1307 971 1370 ad
987 1305 1140 1370 orationes
1162 1304 1237 1369 haec
1257 1305 1392 1370 referan-

259 1390 320 1464 tur,
343 1387 437 1451 verba
453 1405 552 1470 ,quae
573 1387 655 1471 apud
670 1390 702 1454 te
721 1388 905 1454 incuriosius
921 1391 1045 1466 loquor‘
1063 1389 1179 1465 vetent,
1203 1388 1392 1474 intelligitur

258 1470 454 1553 Helpidium,
477 1473 630 1554 adquam
653 1473 785 1556 epistola
807 1474 904 1538 missa
926 1475 984 1553 est,
1008 1474 1138 1551 litteras,
1161 1489 1236 1554 quas
1259 1492 1278 1538 a
1299 1475 1390 1559 Sym·

257 1557 365 1620 mecho
380 1559 548 1639 acceperat,
572 1557 713 1622 edidisse.
747 1557 897 1623 Attamen
912 1558 971 1625 hac
986 1561 1017 1625 in
1034 1577 1067 1622 re
1083 1557 1255 1625 cavendnm
1270 1562 1327 1638 est,
1353 1581 1391 1624 ne

257 1661 334 1722 quas
356 1641 508 1708 hahentur
528 1643 563 1707 in
578 1661 625 1724 ep.
642 1645 672 1722 2,
699 1643 738 1707 12
755 1644 887 1727 ,Merito
910 1644 1085 1729 apographa
1105 1643 1309 1724 epistularum
1324 1665 1390 1710 me·

256 1743 359 1790 arum.
373 1775 379 1788 .
394 1729 470 1793 tibi
486 1727 620 1792 subieci‘*
639 1728 672 1791 in
689 1728 806 1792 malam
821 1733 942 1810 partem
956 1729 1098 1812 accipias,
1122 1729 1208 1811 quasi
1222 1729 1391 1796 editionem

254 1829 318 1876 ase
332 1811 447 1877 ιιιιιιιι
469 1809 633 1894 significet,
656 1831 726 1876 cum
741 1812 809 1877 illio
823 1815 1039 1879 tautummodo
1053 1814 1092 1879 de
1107 1813 1246 1894 epistolis
1263 1815 1389 1882 frandu-

254 1897 318 1961 lose
334 1897 506 1979 suppressis
525 1898 647 1981 agatha
670 1915 725 1980 pro
740 1897 853 1980 quibus
868 1918 902 1963 se
916 1900 1015 1964 amico
1030 1898 1206 1982 apographa
1222 1900 1390 1966 missurum

254 1997 320 2046 esse
344 1983 517 2063 profitetur.
562 1982 671 2067 Magni
700 1983 850 2048 momenti
877 1985 911 2049 iu
932 1985 990 2050 hac
1012 1983 1194 2066 quaestione
1216 1984 1390 2053 dirimenda

253 2068 302 2130 est
316 2083 363 2147 ep.
379 2068 409 2147 4,
433 2069 490 2133 34:
515 2069 661 2152 ,Temere
677 2069 796 2133 iurasti.
835 2069 978 2134 Mandari
993 2071 1077 2136 enim
1095 2069 1251 2151 periturae
1266 2073 1389 2138 chartae

253 2151 401 2234 epistolas
434 2152 571 2234 quereris
603 2154 637 2217 et
669 2153 809 2237 alligasti
842 2157 1036 2220 sacramento
1071 2172 1194 2220 enorme
1228 2156 1387 2223 iudicium.

253 2237 341 2302 ltane
364 2255 413 2302 me
446 2238 534 2303 ludos
557 2237 643 2317 facis,
678 2239 713 2302 ut
737 2255 815 2320 quae
840 2240 923 2321 apud
949 2241 980 2305 te
1014 2239 1200 2320 incuriosius
1225 2241 1332 2326 loquor
1354 2244 1388 2310 iu

253 2321 321 2386 stili
354 2323 495 2388 caudices
522 2324 577 2386 ant
609 2322 697 2388 tiliae
726 2323 896 2408 pugillares
930 2343 1056 2392 censeas
1090 2324 1315 2407 transferenda,
1351 2348 1388 2394 ne

252 2406 353 2472 facilis
375 2409 516 2474 senectus
532 2409 641 2492 papyri
664 2409 784 2492 scripta
797 2412 1020 2493 eorrumpere.
1035 2461 1042 2476 .
1056 2460 1062 2475 .
1077 2411 1209 2493 blegne
1223 2415 1298 2478 sunt
1312 2433 1385 2478 ano·

251 2492 390 2558 totitatis
413 2494 486 2558 tneo
507 2496 652 2575 pondera,
676 2513 733 2558 nec
755 2513 882 2577 possum
903 2497 1077 2578 gratiosum
1100 2498 1224 2577 putare,
1249 2499 1329 2578 quod
1352 2502 1387 2562 ιιι

250 2578 372 2643 iuratus
393 2579 530 2662 allegas3
557 2579 610 2643 sed
632 2597 703 2644 cnm
727 2599 778 2645 me
801 2599 907 2646 rursus
930 2581 1070 2663 inspicio,
1102 2579 1235 2644 labescit
1257 2580 1331 2644 fides
1354 2583 1386 2643 et

251 2662 425 2744 refragetur
447 2663 628 2730 testimonio
651 2667 848 2732 conscientia.
895 2665 944 2730 Ite
974 2663 1054 2745 quod
1076 2661 1224 2728 credibile
1257 2682 1385 2746 persona

251 2747 363 2813 iudicis
386 2748 471 2828 facit,
501 2749 677 2814 diffidentia
708 2751 827 2835 respuit
860 2748 1043 2814 audientis.“
1089 2747 1135 2814 Ει
1157 2745 1207 2814 his
1230 2750 1313 2814 enim
1336 2751 1386 2814 in·

250 2831 421 2916 telligitur,
444 2835 508 2898 iam
530 2833 709 2918 Symmachi
730 2837 833 2902 aetate
855 2834 968 2914 fuisse,
1000 2833 1053 2914 qni
1081 2849 1158 2916 quas
1180 2836 1220 2901 ab
1243 2853 1277 2900 eo
1300 2854 1386 2902 uoce·

251 2919 371 2998 pissent
393 2919 514 2984 litterae
544 2919 671 2985 ederent
698 2923 755 2986 aut
783 2919 893 2986 edendi
924 2917 1091 2984 consilium
1113 2921 1196 2986 certe
1228 2920 1385 2999 haberent,

253 3019 326 3068 oum
349 3005 415 3086 ipse
439 3005 582 3086 quamvis
611 3025 631 3070 a
652 3007 762 3070 multis
785 3023 873 3086 saepe
904 3004 1082 3071 admonitus
1105 3005 1138 3070 id
1159 3025 1279 3088 semper
1300 3024 1385 3070 recu·

250 3091 343 3167 seret,
367 3087 448 3171 quod
462 3091 601 3175 profacto
617 3091 782 3158 dolendum
798 3092 854 3154 est.
900 3091 983 3158 Nam
998 3090 1026 3155 si
1049 3091 1171 3157 litteras
1191 3109 1266 3171 quas
1283 3089 1386 3156 ederet

250 3173 317 3254 ipse
339 3177 559 3255 recensuisset,
595 3177 638 3240 eis
666 3192 749 3241 nuno
778 3176 935 3242 ιιιιιιιιιιιι
963 3179 995 3242 ιι
1019 3176 1213 3260 gravioribus
1236 3179 1268 3240 et
1295 3193 1384 3257 prae-

250 3259 468 3325 stantioribus.
1134 3286 1137 3290 ·

351 3361 421 3440 Sed,
455 3367 491 3428 ut
518 3365 593 3428 haec
616 3368 784 3444 taceamus,
817 3365 881 3429 alie
903 3366 998 3430 etiam
1021 3364 1180 3439 accedunt,
1209 3361 1323 3443 quibus
1346 3379 1384 3424 ne

248 3445 395 3527 epistolas
417 3461 492 3530 quas
517 3466 600 3513 nuno
613 3449 747 3532 legimus
772 3452 811 3514 ab
834 3453 900 3531 ipso
915 3448 1099 3534 Symmacho
1121 3447 1267 3511 collectas
1290 3452 1383 3529 atque

249 3531 346 3594 editas
369 3535 515 3616 putemus
539 3535 688 3599 vetamur.
735 3536 770 3599 Id
794 3535 878 3599 enim
901 3535 928 3596 si
951 3533 1068 3596 factum
1091 3533 1182 3611 esset,
1205 3532 1287 3596 nerle

353 3637 383 3714 1)
406 3635 433 3702 ei
457 3636 637 3717 scripturae,
668 3637 722 3719 qui
745 3637 899 3700 orationes
922 3634 1054 3700 summis
1077 3633 1221 3698 laudibus
1244 3635 1382 3700 celebra·

248 3717 333 3796 bant,
358 3721 560 3801 epistolarum
588 3739 708 3805 quoqne
732 3721 922 3806 mentionem
947 3717 1103 3797 fecissent,
1127 3736 1213 3799 quae,
1238 3721 1264 3784 si
1292 3717 1379 3786 sido-

248 3803 337 3868 nium
359 3804 574 3888 Apollinarem
597 3806 759 3888 exceperis,
782 3827 801 3870 a
823 3804 909 3872 nullo
926 3807 1224 3887 commemorantur3

351 3908 384 3990 2)
414 3907 479 3994 ipse
509 3908 669 3974 meliorem
698 3908 852 3974 delectum
883 3906 1045 3973 habuisset
1078 3926 1175 3988 neque
1203 3907 1379 3974 levissimas

248 3992 330 4065 solas
353 3992 553 4080 divulgasset,
583 3993 636 4057 ssd
657 3994 826 4076 graviores,
857 4011 933 4074 quas
957 4012 1051 4074 supra
1074 3991 1288 4059 denotavimus
1317 3993 1381 4058 suis

247 4077 399 4143 codicillis
422 4080 542 4155 missas,
567 4077 746 4160 adiecisset;

347 4181 380 4263 3)
403 4181 537 4247 aliorum
559 4180 724 4263 epistolas,
756 4181 857 4263 qualis
880 4181 928 4246 est
949 4181 1081 4248 Ausonii
1114 4184 1140 4258 l,
1164 4181 1215 4260 32,
1244 4181 1300 4246 eut
1322 4200 1381 4244 nou

248 4267 423 4347 recepisset,
448 4267 503 4330 eut
525 4265 628 4347 plures
651 4265 717 4332 eius
738 4267 864 4350 generis
887 4268 1121 4351 assumpsisset,

348 4371 383 4449 4)
406 4370 472 4450 ipse
494 4369 667 4448 consilinm,
689 4371 772 4452 quod
794 4371 827 4436 in
850 4370 966 4438 edendo
981 4370 1150 4447 habuisset
1173 4369 1268 4434 etiam
1283 4367 1382 4452 signi·

244 4453 383 4530 ficaseet,
417 4456 453 4518 ut
476 4453 600 4520 Plinius
624 4458 655 4526 et
677 4455 823 4524 Sidonius
846 4455 1040 4538 Apollinaris
1063 4455 1210 4534 fecerunt,
1245 4453 1298 4534 qui
1320 4454 1381 4536 epi·
