3214 5012
1331 255 1372 318 37

240 445 330 518 stolis
357 442 495 510 collectis
524 443 658 525 primam
687 445 947 525 praeposuerunt,
984 463 1045 526 qna
1074 444 1226 521 rationes,
1261 443 1373 524 quibus

241 530 373 614 permoti
395 529 517 593 litteras
540 527 718 605 edidissent
742 527 957 609 explicabaut3

341 633 375 708 5)
398 630 546 696 maiorem
561 647 668 694 curam
690 629 849 694 habuisset
872 630 906 692 iu
922 628 1094 714 deligendis
1117 629 1267 712 epistolis.
1292 630 1373 695 Nam

240 719 293 800 qni
308 716 462 800 plerisque
479 715 553 779 viria
572 713 749 780 illustribus
765 714 832 780 eius
849 714 962 779 aetatis
979 713 1129 785 familiari
1145 714 1285 779 amicitia
1301 733 1373 778 con-

239 803 364 867 iunctus
387 801 418 863 et
439 819 493 882 per
515 798 717 882 epistolarum
739 799 958 864 commercium
987 799 1274 880 sequentissimum
1298 818 1371 864 oon-

240 886 373 954 sooiatus
397 885 480 949 esset
501 884 552 966 (of.
575 903 622 966 ep.
646 885 676 962 6,
702 885 742 948 76
769 885 891 961 ,nullus
907 884 973 949 dies
997 884 1113 967 absque
1136 884 1277 966 epistolis
1294 885 1371 949 meis

239 971 401 1048 rasitare),
433 969 550 1034 multas
582 968 792 1052 languidiores
821 969 988 1034 delevisset
1009 969 1041 1035 et
1072 969 1104 1033 in
1133 987 1240 1038 aarum
1268 971 1374 1034 locum

238 1075 315 1138 quae
342 1055 467 1140 dignius
501 1054 676 1139 legerentur
709 1053 905 1138 reposuisset.
952 1055 997 1120 lix
1025 1053 1150 1133 multis,
1186 1073 1264 1135 quas
1294 1055 1375 1120 mira

238 1145 312 1207 sunt
334 1144 366 1208 et
387 1140 572 1217 ostendunt,
601 1159 694 1222 quam
721 1140 810 1206 nullo
832 1139 1013 1205 consilicis
1043 1139 1097 1222 qui
1123 1139 1246 1205 litteras
1275 1138 1375 1204 edidit

237 1227 349 1291 duetus
372 1225 424 1304 sit,
453 1225 484 1290 id
514 1243 611 1291 unum
640 1244 895 1291 commemorasse
924 1225 1078 1302 sufficiat,
1107 1224 1188 1306 quod
1216 1222 1299 1288 inter
1327 1224 1375 1288 tot

239 1311 384 1393 epistolas
409 1329 454 1374 ne.
475 1329 537 1375 uua
559 1309 685 1393 quidem
713 1311 843 1376 habetur
872 1311 910 1374 ad
933 1309 1127 1376 Macrobium
1149 1311 1238 1386 data,
1262 1327 1372 1390 quam·

238 1415 331 1478 quam
354 1394 481 1461 aliunde
505 1396 614 1459 uotum
642 1396 702 1472 est,
733 1415 826 1478 quam
854 1395 1029 1460 arctissimo
1057 1394 1282 1460 familiaritatis
1305 1394 1373 1458 riu-

239 1483 307 1546 oulo
330 1481 420 1546 ambo
443 1479 602 1551 coniuncti
626 1479 757 1562 fuerint3

339 1583 374 1664 6)
397 1601 433 1646 er
454 1583 523 1664 ipsa
549 1581 710 1648 latinitate
742 1583 884 1665 cognosci
907 1582 1018 1664 potest,
1047 1581 1199 1661 plurimas
1224 1579 1372 1663 epistolas

240 1686 300 1731 nou
323 1667 420 1732 fuisse
442 1667 627 1743 destinatas,
650 1668 741 1730 utin
764 1667 924 1749 publicum
946 1666 1113 1750 prodirent.
1160 1665 1266 1731 Sermo
1289 1665 1373 1730 enirn

240 1752 266 1815 si
290 1771 362 1816 oum
374 1751 575 1900 ⁰spirationibus
592 1753 787 1840 comparatur
808 1753 990 1835 plerumque
1012 1751 1197 1815 incuriosam
1214 1750 1372 1834 negligen-

240 1837 319 1902 tiam
337 1857 373 1918 pr
413 1837 448 1900 it.

341 1939 463 2016 Restat,
487 1943 522 2003 ut
549 1958 566 2002 a
589 1953 724 2020 quonam
747 1939 778 2003 et
800 1939 923 2022 quando
946 1937 1093 2020 epistolae
1115 1936 1215 2004 editas
1237 1937 1301 2000 sint
1324 1937 1373 2000 in-

238 2025 405 2108 quiramus
440 2023 543 2106 Vulgo
566 2041 633 2086 eam
656 2042 779 2109 operam
802 2025 840 2089 ad
863 2022 898 2102 Q.
914 2022 1058 2089 Flavium
1080 2021 1263 2090 Memmium
1279 2020 1371 2105 Sym-

239 2110 392 2187 machum,
425 2107 555 2173 oratoris
578 2106 688 2186 filium,
723 2109 868 2184 referunt,
902 2107 1053 2174 librorum
1076 2107 1371 2190 manuscriptorum,

238 2195 369 2259 sirecte
392 2191 508 2270 sentio,
532 2193 750 2259 auctoritatem
773 2194 888 2270 secuti,
919 2195 971 2277 qui
995 2193 1091 2256 talem
1114 2190 1373 2276 significationem

237 2280 348 2345 habere
370 2277 525 2343 ridentur.
570 2277 665 2342 Cuius
688 2279 733 2343 rei
756 2297 945 2362 quamquam
967 2277 1049 2360 apud
1071 2277 1193 2342 nullum
1216 2278 1372 2342 auctorem

238 2365 358 2430 sertum
381 2364 467 2429 extat
491 2363 727 2438 documentum,
758 2382 793 2427 ea
815 2365 922 2428 tamen
945 2364 979 2428 et
1001 2361 1231 2431 verisimillima
1254 2361 1286 2426 et
1309 2379 1373 2426 cer-

238 2449 362 2515 tissima
377 2458 432 2514 est.
479 2446 561 2512 Nam
577 2446 731 2529 cumipse
753 2449 856 2513 orator
870 2447 1017 2535 epistolas
1040 2465 1101 2513 nou
1123 2447 1206 2512 esset
1220 2446 1372 2522 editurus,

240 2554 337 2617 neque
360 2553 411 2599 eas
434 2532 540 2598 ordine
556 2532 689 2615 quodam
710 2533 925 2616 disposuisset,
949 2553 1018 2599 eum
1042 2533 1123 2598 certe
1146 2532 1256 2598 edendi
1272 2531 1373 2596 officio

237 2619 381 2685 functum
404 2637 470 2683 esse
503 2619 658 2702 putemus,
682 2617 714 2682 in
744 2618 831 2682 cuius
854 2620 1007 2700 potestate
1035 2620 1127 2701 atque
1150 2617 1280 2682 arbitrio
1302 2617 1374 2700 post

240 2704 367 2766 oratoris
397 2703 517 2765 obitum
548 2701 617 2767 libri
647 2703 677 2766 et
709 2702 848 2780 chartae,
876 2721 952 2784 quas
975 2703 1029 2768 ille
1052 2702 1236 2785 reliquerat,
1260 2699 1372 2779 esseut,

239 2806 300 2869 qua
323 2786 355 2850 in
377 2805 410 2849 re
433 2804 521 2849 nemo
545 2787 625 2850 certe
640 2786 704 2850 filio
720 2788 810 2852 unico
825 2787 1065 2871 praeferebatur.
1088 2787 1197 2870 Neque
1212 2788 1257 2852 ita
1273 2787 1373 2851 multo

239 2872 312 2953 post
333 2871 430 2953 patris
454 2869 586 2934 mortem
609 2870 775 2936 editionem
798 2891 978 2955 procurasse
1000 2871 1132 2950 videtur,
1161 2892 1232 2936 cum
1255 2871 1373 2936 Sidonii

239 2954 431 3104 llpqlliuatris
461 2955 564 3019 aetate
597 2955 746 3038 epistolae
777 2959 840 3022 iam
875 2959 965 3047 uotae
999 2959 1105 3022 essent
1132 2957 1164 3022 et
1191 2957 1285 3022 multi
1319 2975 1370 3021 eas

239 3060 295 3105 rmr
311 3059 382 3105 aren
400 3059 444 3104 ur.

340 3142 418 3208 Cum
441 3142 495 3208 hac
518 3143 720 3225 explicatione
743 3145 859 3221 omnia,
881 3165 959 3228 quae
981 3146 1014 3210 in
1038 3144 1176 3230 epistolis
1200 3144 1293 3208 miros
1317 3163 1372 3209 nos

242 3229 366 3304 habeut,
390 3226 481 3291 facile
497 3227 709 3292 conciliantur.
747 3227 830 3300 Nam
846 3229 929 3294 filius
946 3249 1143 3314 quascunque
1158 3229 1280 3294 litteras
1303 3234 1372 3312 post

239 3312 337 3396 patris
360 3317 492 3378 mortem
515 3312 610 3383 etiam
633 3311 767 3391 invenit,
799 3333 905 3380 omnes
928 3316 1011 3382 certe
1033 3315 1144 3393 edidit,
1173 3333 1232 3396 quo
1255 3317 1372 3380 iactum

238 3398 294 3474 est,
318 3401 353 3461 ut
368 3397 416 3460 tot
431 3397 602 3463 habeantur
616 3399 792 3496 argumenti
809 3400 925 3476 infimi,
947 3400 994 3467 tot
1009 3398 1135 3470 omnino
1151 3400 1370 3476 desiderentur,

220 3501 313 3565 quas
336 3482 413 3546 olim
435 3482 575 3546 extitisse
590 3483 798 3549 certrssimum
820 3486 877 3563 est,
902 3485 997 3549 immo
1013 3485 1255 3570 scriptiunculae
1277 3503 1371 3567 quae-

237 3569 309 3632 dam
332 3565 471 3649 epistolis
494 3566 713 3634 adnumeratae
741 3567 773 3633 et
800 3588 862 3636 una
884 3570 985 3635 editae
1008 3570 1087 3646 sint,
1119 3588 1197 3652 quae
1226 3589 1264 3636 ae
1294 3569 1342 3634 ref
1358 3604 1372 3616 ·

237 3652 349 3716 rendae
381 3650 506 3735 quidem
529 3649 671 3716 videntur
700 3653 780 3718 inter
809 3653 954 3738 epistolas
985 3655 1016 3720 et
1037 3673 1056 3718 a
1078 3653 1143 3716 solo
1173 3671 1208 3716 eo
1231 3655 1373 3735 poteraut

236 3735 347 3819 recipi,
377 3739 429 3820 qui
459 3735 545 3800 nullo
574 3734 694 3801 delectu
725 3737 832 3807 habito
862 3739 1019 3811 chartulas
1050 3737 1233 3820 superst'tes
1264 3757 1370 3804 omnes

236 3822 421 3906 divulgaret.
465 3819 551 3886 Duas
583 3821 649 3886 eius
677 3822 798 3906 generis
828 3823 1009 3908 scriptiones
1033 3824 1089 3889 hoo
1119 3822 1185 3886 loco
1208 3823 1370 3906 adponam,

237 3923 314 3990 quae
337 3925 404 3972 eam
428 3922 548 3987 quoque
570 3907 608 3973 ob
632 3927 757 3980 eausam
780 3908 1022 3977 consideratione
1045 3927 1106 3973 nou
1135 3907 1282 3998 indiguae
1304 3926 1371 3973 esse

237 3990 394 4068 videntur,
424 4010 494 4055 cum
524 3993 631 4074 quales
662 3995 719 4059 illa
747 3997 847 4064 aetate
876 3995 994 4066 ineunt
1023 3993 1225 4060 invitationes
1253 3993 1371 4077 liquido

237 4077 410 4142 ostendant.
456 4074 568 4142 Altera
593 4079 641 4142 est
669 4097 716 4160 ep.
740 4080 769 4156 8,
795 4080 850 4144 71:
876 4080 1038 4158 „Praelata
1060 4077 1235 4146 divinitatis
1265 4077 1371 4144 favore

236 4161 373 4229 urbanae
395 4161 558 4245 praeturae
581 4163 679 4230 fasces
702 4162 786 4234 filius
810 4183 896 4231 meus
920 4163 1123 4248 Symmachus
1147 4163 1290 4230 Calendis
1314 4165 1369 4230 Ja-

237 4249 353 4314 nuariis
380 4245 536 4312 sortietur.
573 4248 755 4318 Praesentia
780 4248 837 4313 tua
864 4250 965 4322 ornari
990 4250 1055 4316 eius
1082 4249 1371 4334 officiumpsrtioi-

236 4334 309 4412 pata
330 4330 479 4418 petitione
505 4331 706 4415 deposcimus.
742 4333 858 4410 Vale“3
880 4334 980 4403 altera
1001 4333 1164 4406 simillima
1186 4354 1232 4417 ep.
1258 4335 1287 4411 8,
1311 4335 1367 4400 72:

240 4416 441 4508 „Divinitptis
464 4415 576 4482 honore
598 4419 767 4499 praemisso
790 4419 874 4491 filius
897 4438 985 4483 meus
1001 4419 1204 4506 Symmachus
1222 4417 1366 4483 Calendis
