3214 5012
287 304 329 372 32

288 494 394 557 menta
415 493 493 560 satis
521 512 672 577 superque
701 492 881 571 ostendunt,
912 508 1006 572 quam
1034 489 1165 557 summis
1193 489 1337 556 laudibus
1359 508 1422 556 uno

289 597 441 642 consensu
465 582 503 646 ab
531 582 673 644 omnibus
701 577 798 642 doctis
827 595 889 642 non
920 576 1021 641 solum
1049 574 1200 654 defensio,
1236 594 1330 658 quam
1353 595 1423 642 sus·

289 665 410 809 cpperat
444 683 516 732 arae
545 663 718 741 Victoriae,
751 663 804 727 sed
837 663 998 728 universae
1032 663 1134 726 omnio
1167 661 1234 726 eius
1268 663 1422 727 orationes

290 753 390 813 eatae
413 748 486 819 sint.
747 761 752 768 ·

365 891 367 896 .
392 833 479 914 Quod
503 835 529 902 si
553 853 624 900 cum
652 836 700 898 his
729 832 897 916 singularis
925 831 1042 917 gloriae
1068 831 1237 915 praeconiis
1259 831 1421 912 iudicium,

289 916 369 1000 quod
391 918 456 1002 ipse
484 921 520 986 de
549 940 581 986 se
613 919 739 996 habuit,
775 919 947 995 confertur,
981 919 1114 1001 prolecto
1142 917 1203 982 viri
1231 917 1422 983 incredibilis

289 1004 440 1084 quaedam
463 1009 494 1071 ιι
516 1025 587 1070 rara
609 1004 760 1069 modestia
782 1004 970 1086 agnoscitur.
1011 1001 1094 1068 Nam
1116 1005 1152 1067 ιιι
1174 1003 1311 1081 taceam,
1340 1003 1422 1086 quod

290 1087 329 1152 ad
358 1094 477 1170 patrem
507 1091 632 1172 scripsit
665 1107 711 1172 ep.
738 1093 765 1168 1,
800 1093 833 1152 l:
870 1089 990 1172 „omnis
1019 1090 1132 1171 quippe
1160 1089 1326 1154 ostentatio
1359 1107 1421 1154 non

203 1189 207 1195 ’
290 1181 372 1237 caret
394 1176 568 1258 suspicione
594 1175 764 1253 mendacii,
798 1174 871 1256 quia
900 1175 1046 1257 quicquid
1069 1176 1240 1238 assumitur
1261 1173 1421 1258 proprium

289 1276 350 1324 non
373 1263 533 1342 putatur,“
565 1260 674 1327 multis
704 1261 799 1325 etiam
830 1259 905 1324 locis
933 1259 1126 1325 severissima
1159 1259 1197 1323 de
1228 1259 1420 1340 semetipso

289 1345 421 1430 iudicat,
444 1347 532 1412 velut
555 1365 625 1411 cum
648 1365 680 1409 se
702 1346 846 1411 nominat
869 1346 1007 1430 „ingenii
1028 1345 1191 1430 pauperis“
1218 1347 1277 1430 (ep.
1301 1347 1331 1422 9,
1354 1345 1420 1426 88),

289 1429 414 1514 linguae
437 1431 594 1496 modicum
624 1431 685 1514 (ep.
709 1433 738 1510 7,
762 1431 834 1514 20),
864 1431 968 1496 tenuis
998 1431 1157 1495 facundiae
1186 1431 1217 1494 et
1245 1430 1420 1515 paupertini

289 1517 408 1600 ingenii
431 1523 491 1600 (ep.
515 1519 543 1600 8,
568 1517 633 1598 22),
655 1516 840 1581 mediocrem
863 1515 998 1582 iudicem
1021 1516 1082 1602 (ep.
1106 1517 1135 1593 8,
1159 1516 1226 1600 22).
1270 1518 1320 1582 Ad
1342 1515 1420 1579 Pro-

289 1601 410 1666 tadium
443 1604 580 1670 scribens
613 1622 646 1668 se
682 1601 857 1688 „elegantia
891 1603 1041 1666 sermonis
1074 1601 1242 1683 imparem“
1279 1602 1421 1665 nominat

290 1689 351 1771 (ep.
374 1686 405 1764 4,
428 1689 495 1774 26).
540 1689 622 1769 Quid
644 1687 726 1770 quod
747 1688 969 1769 desperationis
992 1689 1053 1752 lere
1076 1687 1282 1752 confessiones
1304 1688 1421 1751 baben·

289 1773 351 1836 tur.
395 1774 451 1856 llp.
475 1774 506 1852 4,
528 1774 585 1839 45:
610 1772 760 1859 „Fiducia
782 1772 860 1836 mihi
883 1773 951 1837 stili
974 1774 1066 1854 atque
1089 1773 1206 1857 ingenii
1227 1772 1316 1836 nulla
1339 1771 1417 1849 est,“

290 1859 322 1920 ιι
342 1856 381 1922 ad
404 1858 556 1934 Vitalem,
582 1859 684 1923 virum
712 1875 793 1922 nuno
815 1858 906 1941 plane
927 1859 1087 1942 ignotum,
1111 1857 1186 1923 haec
1208 1859 1296 1922 misit
1318 1860 1420 1936 verba,

290 1961 336 2024 ep.
361 1943 390 2020 8,
413 1944 471 2008 49:
497 1949 547 2032 „te
570 1945 737 2009 submittas
753 1945 792 2007 ad
807 1942 1054 2008 mediocritatem
1070 1946 1255 2025 scriptorum
1271 1960 1421 2023 meorum,

289 2048 328 2093 ne
350 2028 533 2094 retundatur
547 2030 683 2096 officium
699 2048 813 2107 meum,
837 2032 911 2093 dum
927 2030 1105 2111 desperatur
1124 2030 1289 2095 imitatio.“
1315 2029 1420 2094 Amici

227 2161 228 2166 ,
290 2114 406 2191 laudes,
431 2116 543 2196 quibus
566 2116 719 2180 orationes
741 2133 812 2178 suas
836 2115 1005 2179 celebratas
1028 2117 1182 2198 cognovit,
1206 2115 1294 2197 quasi
1317 2115 1420 2198 indig-

291 2199 440 2264 nissimus
463 2219 525 2266 non
548 2201 675 2266 admisit
699 2199 760 2285 (ep.
784 2202 813 2280 9,
837 2201 902 2285 87).

391 2283 634 2351 Procedentibus
657 2287 746 2350 annis
774 2288 806 2349 et
829 2290 985 2351 senectute
1010 2285 1275 2368 appropinquante
1305 2286 1421 2369 scripta

290 2389 347 2435 sua
369 2371 502 2437 aridiora
524 2373 606 2435 facta
628 2390 701 2447 esse,
724 2373 790 2454 ipse
813 2374 947 2436 testatur
969 2390 1014 2452 ep.
1038 2375 1068 2451 4,
1092 2372 1148 2436 28:
1174 2370 1285 2456 ,Nunc
1306 2390 1416 2455 graves

291 2474 410 2538 quoque
433 2459 516 2536 anni,
540 2459 566 2522 si
589 2457 663 2540 quid
685 2458 722 2521 de
743 2461 866 2538 pectore
888 2476 956 2521 meo
980 2457 1130 2536 stillabat,
1154 2458 1346 2522 ebiberunt.“

393 2540 562 2625 Orationes
586 2561 663 2625 quae
685 2543 830 2623 plausum
852 2541 1002 2620 tulerant,
1033 2543 1218 2624 paulopost
1242 2560 1334 2626 quam
1364 2543 1418 2607 ha·

291 2627 374 2691 bitae
397 2631 472 2693 sunt
494 2647 564 2692 cum
594 2628 698 2691 ederet
722 2627 782 2710 (ep.
806 2627 835 2705 3,
861 2628 909 2710 7),
940 2630 1110 2692 amicorum
1132 2630 1308 2710 opinionem
1330 2645 1417 2709 saepe

291 2714 455 2778 consuluit.
480 2714 525 2777 llx
548 2734 594 2796 op.
617 2714 647 2793 4,
671 2714 713 2778 64
734 2712 939 2798 intelligitur,
970 2732 1041 2777 eum
1064 2713 1162 2777 amieo
1185 2714 1309 2779 cuidam
1331 2714 1418 2796 quin-

291 2818 348 2880 que
371 2801 525 2864 orationes
551 2800 647 2863 etiam
670 2798 803 2862 ineditas
834 2799 957 2864 misisse
986 2801 1111 2880 eiusque
1142 2817 1304 2864 censuram
1325 2817 1421 2882 popo·

291 2886 393 2950 scisse.
418 2884 463 2948 Ol.
487 2903 534 2966 ep.
559 2888 586 2962 1,
610 2885 661 2949 52.

715 3073 755 3136 B.
779 3072 987 3155 Epistolae.

394 3211 473 3275 Mire
495 3210 619 3274 fortuna
642 3208 718 3273 lusit
739 3209 772 3275 in
795 3211 918 3294 scriptis
941 3210 1201 3295 Symmachianis.
1246 3209 1326 3272 Nam
1349 3225 1419 3270 cum

291 3315 327 3361 ex
348 3297 450 3379 amplo
467 3293 641 3360 orationum
657 3314 793 3373 numere,
815 3315 892 3378 quae
909 3299 1050 3361 omnium
1072 3295 1247 3376 aequalium
1263 3292 1419 3352 communi

293 3400 443 3447 consensu
466 3399 661 3462 summopere
684 3383 933 3457 celebrabantur,
958 3381 1004 3442 nil
1027 3385 1089 3442 lere
1112 3379 1150 3440 ad
1172 3375 1313 3468 nostram
1333 3375 1419 3467 aeta-

291 3470 356 3531 tem
377 3471 559 3551 pervenerit,
588 3471 619 3532 et
648 3487 725 3549 quae
749 3470 849 3530 lacera
870 3466 1045 3546 fragmenta
1074 3467 1257 3555 temporum.
1270 3473 1418 3554 rnrurram

291 3554 504 3628 toleraverunt
531 3571 592 3618 non
616 3554 784 3628 suttioiant,
817 3554 853 3612 ut
881 3549 1031 3611 oratoriae
1052 3548 1215 3629 gravitatis
1249 3559 1419 3638 imaginem

292 3639 470 3716 restituant,
494 3638 641 3722 epistolas
657 3637 794 3702 eiusdem
817 3635 962 3710 auctoris,
987 3649 1062 3714 quas
1085 3631 1148 3695 fere
1164 3630 1300 3712 integras
1324 3631 1418 3692 etram

291 3725 441 3790 habemus
464 3727 610 3802 servatae,
647 3722 733 3787 illius
755 3719 868 3785 aetatis
901 3718 1066 3800 scriptores
1100 3733 1257 3798 nunquam
1287 3731 1419 3779 comme-

292 3813 422 3876 morant.
468 3810 652 3892 Priusquam
676 3827 746 3872 vero
773 3805 993 3870 accuratiorem
1021 3802 1225 3884 epistolarum
1259 3819 1418 3865 censuram

293 3897 517 3980 aggrediamur,
547 3893 773 3976 praemonenda
795 3893 868 3953 sunt
896 3889 1044 3971 quaedam
1067 3889 1104 3954 de
1133 3888 1258 3966 ratione,
1288 3904 1365 3968 quae
1387 3885 1419 3949 in
1493 3915 1498 3934 ·

294 3983 408 4047 litteris
429 3982 592 4045 mittendis
615 3981 683 4041 turn
706 3979 900 4060 usureoepta
923 3973 1024 4038 t'uerit.
1071 3975 1136 4056 Quo
1153 3977 1290 4057 tempore
1305 3973 1418 4037 itoma-

292 4086 402 4133 norum
425 4065 597 4149 respublica
618 4064 682 4126 iam
705 4063 744 4124 ad
766 4078 907 4125 occasum
930 4061 1084 4144 vergebat,
1108 4061 1293 4126 consuetudo
1317 4056 1420 4121 exorta

292 4157 355 4231 est,
384 4156 420 4217 ut
448 4153 573 4215 litterae
602 4147 755 4212 uberiores
778 4148 809 4210 et
832 4149 1038 4212 scriberentur
1061 4152 1092 4211 et
1120 4147 1292 4212 ederentur.
1339 4141 1419 4236 Nam

292 4257 364 4304 oum
385 4239 418 4302 in
441 4235 569 4319 imperio
592 4235 713 4317 ingenti
736 4238 767 4299 et
790 4235 965 4298 vastissimo
989 4251 1036 4296 res
1059 4238 1165 4316 gestae
1188 4235 1237 4295 vel
1260 4246 1336 4312 quae
1358 4227 1421 4288 alra

292 4323 416 4389 maioris
431 4320 582 4388 momenti
597 4320 778 4386 accidebant
799 4321 921 4402 publice
943 4337 1004 4383 non
1027 4317 1269 4401 divulgarentur,
1290 4329 1419 4411 consen·

293 4417 420 4476 tansum
442 4410 523 4474 certe
545 4411 626 4490 erat,
660 4409 696 4474 ut
718 4409 742 4474 ii
764 4407 941 4490 imprimis,
973 4405 1026 4487 qui
1054 4403 1258 4488 amplioribus
1288 4417 1321 4463 ιιι
1344 4401 1418 4466 civr-

293 4498 358 4564 rate
380 4497 558 4564 muneribus
572 4497 791 4582 fungebantur,
815 4496 930 4563 amicos
953 4499 984 4562 et
1007 4497 1093 4578 alios,
1117 4511 1247 4578 quorum
1262 4497 1420 4576 intererat,
