3214 5012
1328 239 1346 314 7

219 465 280 513 non
302 461 407 510 sumus
431 439 593 507 vetustatis
616 438 772 521 exemplis.
808 439 954 505 Vidimus
983 458 1060 521 quae
1088 440 1158 504 acta
1185 438 1345 518 miramur,

219 530 395 597 catenatum
423 545 533 610 agmen
567 525 666 591 victae
694 525 796 608 gentis
819 525 938 602 induci,
973 523 1105 606 illosque
1133 524 1198 589 iarn
1227 525 1346 608 pridem

218 618 320 682 truces
353 614 459 679 vultus
492 611 604 677 misero
636 611 754 693 pallore
786 612 932 676 mutatos.
977 609 1072 676 Stetit
1102 629 1212 675 aronae
1244 611 1346 676 medio

219 699 360 768 subiecta
382 699 551 780 voluptati,
587 715 665 779 quae
692 695 753 760 fuit
781 700 853 762 ante
876 694 1050 760 formidini:
1086 697 1227 760 assuetae
1251 696 1346 760 armis

219 787 387 872 gentilibus
416 802 526 848 manus
555 781 744 866 gladiatoria
765 782 972 846 instrumenta
992 782 1167 846 tenuerunt.
1210 781 1346 846 Felicem

219 873 313 938 nimis
336 870 410 937 belli
432 870 526 934 istius
550 870 667 943 ducem,
691 866 744 948 qui
765 866 887 931 divinae
903 866 1085 930 clementiae
1107 869 1226 932 vestrae
1249 868 1346 932 fretus

219 957 365 1039 auspiciis
388 977 425 1022 ex
447 973 574 1018 numero
597 952 733 1017 hostium
755 952 832 1018 alios
854 952 892 1018 ad
908 951 1102 1017 securitatem
1119 953 1346 1034 provinciarum

218 1044 344 1126 penitus
368 1039 509 1120 extinxit,
533 1038 611 1104 alios
634 1040 672 1104 ad
694 1038 848 1104 laetitiam
872 1037 971 1120 plebis
990 1037 1122 1104 Martiae
1144 1038 1343 1102 reservavit.“

218 1129 352 1194 Etcum
377 1128 411 1191 in
438 1127 539 1207 prisca
565 1124 726 1206 republica
748 1125 872 1189 senatus
894 1122 1062 1188 auctoritas
1090 1123 1184 1186 fuerit
1212 1142 1344 1200 summa,

217 1213 418 1292 Symmachus
440 1211 531 1276 huius
554 1209 752 1294 potissimum
774 1208 891 1274 ordinis
915 1209 1023 1273 honori
1052 1211 1083 1272 et
1111 1208 1195 1274 laudi
1224 1208 1347 1274 studuit

217 1300 305 1382 eique
332 1299 413 1364 certe
442 1315 478 1362 ea
511 1301 582 1360 ante
610 1294 714 1360 oculos
743 1294 927 1360 versabatur
954 1294 1088 1376 species,
1120 1313 1213 1375 quam
1241 1293 1347 1360 Ciccro

216 1386 321 1467 paucis
344 1380 587 1464 circumscripsit
609 1381 722 1459 verbis,
746 1399 816 1445 eum
839 1380 982 1446 senatum
1004 1381 1127 1445 vocaret
1148 1379 1230 1444 orbis
1248 1381 1347 1444 terrae
1429 1379 1430 1386 ’

216 1469 448 1536 sanctissimum
470 1466 751 1550 gravissimumque
774 1465 947 1530 consilium.
987 1461 1033 1528 nt
1055 1483 1243 1546 quamquam
1265 1466 1345 1530 tem-

215 1575 326 1639 porum
358 1555 440 1618 vices
473 1554 524 1616 uix
558 1553 622 1615 ullo
654 1552 688 1614 in
722 1552 826 1616 ordine
859 1552 925 1617 tarn
958 1550 1123 1616 manifesto
1157 1550 1346 1632 apparebant

217 1643 311 1722 atque
333 1640 367 1702 in
389 1638 498 1702 senatu
520 1637 596 1718 ipso,
620 1636 672 1717 qui
695 1636 846 1718 pristinae
869 1635 1034 1718 dignitatis
1051 1635 1102 1700 vix
1117 1637 1261 1701 umbram
1283 1655 1347 1700 sar·

216 1725 358 1802 voverat,
393 1724 498 1787 tamen
521 1725 605 1806 ipsas
631 1721 743 1805 prioris
773 1721 889 1804 gloriae
914 1721 1062 1803 reliquias
1093 1720 1182 1786 anxie
1210 1718 1347 1786 defendit

216 1811 430 1894 Symmachus,
454 1809 597 1873 laudibus
620 1808 745 1872 senatus
761 1809 909 1890 augendis
925 1808 1081 1890 egregiam
1101 1807 1196 1870 navat
1212 1823 1345 1888 operam,

216 1898 244 1960 si
267 1895 342 1978 quid
364 1893 485 1970 accidit,
510 1912 567 1975 quo
591 1892 655 1956 eius
684 1893 852 1958 auctoritas
879 1891 1115 1974 infringeretur,
1148 1891 1347 1958 vehementer

216 1981 302 2044 dolet
324 1980 403 2062 (epp.
429 1980 458 2057 6,
483 1979 539 2063 223
564 1978 612 2058 10,
638 1979 701 2062 14),
724 1977 756 2040 in
776 1976 948 2058 privilegiis
970 1975 1071 2042 ordini
1094 1976 1254 2043 servandis
1278 1995 1346 2040 ma-

218 2065 335 2130 ximam
357 2062 447 2146 ponit
469 2082 573 2128 curam
588 2063 678 2144 .(epp.
700 2065 730 2142 5,
755 2063 812 2144 oa,
834 2063 864 2144 5,
888 2062 951 2146 65).

319 2149 426 2230 Neque
449 2166 519 2212 vero
542 2150 617 2213 adeo
640 2151 708 2214 erat
729 2149 921 2224 accendatur,
945 2147 986 2212 nt
1008 2143 1195 2229 reipublicae
1217 2147 1345 2226 statum,

217 2235 317 2320 qualis
352 2234 427 2298 olim
462 2233 578 2312 fuerat,
612 2234 716 2298 totum
748 2233 974 2300 restituendum
1009 2235 1145 2315 putaret.
1196 2233 1347 2316 Tempora

213 2339 340 2404 prorsus
362 2319 502 2384 mutata‘
516 2337 581 2384 esse
609 2336 782 2400 novamque
804 2317 940 2382 aetatem
967 2319 1056 2384 novis
1079 2337 1167 2402 egere
1189 2317 1346 2383 institutis

216 2407 331 2489 optime
353 2404 517 2489 perspexit.
540 2404 658 2469 Idcirco
681 2403 882 2486 imperatores
904 2422 966 2468 non
989 2421 1024 2468 aa
1046 2407 1145 2478 modo,
1169 2422 1246 2486 qnae
1263 2403 1347 2468 iusta

215 2493 342 2574 viroque
363 2492 482 2556 urbano
505 2488 601 2574 digna
623 2489 704 2566 erat,
740 2489 937 2554 obseruantia
965 2487 1076 2566 coluit,
1112 2490 1167 2554 sed
1195 2490 1277 2554 ultro
1300 2489 1346 2554 ais

215 2578 299 2643 totus
322 2577 477 2659 obligatus
500 2593 632 2657 veraque
659 2576 691 2640 et
713 2573 822 2640 stabili
843 2573 984 2640 amicitia
1006 2575 1168 2640 devinctus
1192 2593 1346 2657 nusquam

215 2682 321 2728 eornm
349 2661 541 2727 mentionem
569 2660 659 2739 facit,
693 2659 768 2742 quin
796 2658 935 2726 maxima
962 2661 1124 2726 deuotione
1153 2661 1346 2744 summisque

215 2747 356 2812 laudibus
385 2763 436 2810 eos
458 2745 573 2810 aflerat.
600 2745 644 2810 Ut
666 2745 787 2812 taceam
808 2744 1031 2827 appellationes
1054 2748 1117 2811 iam
1140 2765 1199 2810 usu
1221 2750 1346 2828 peruul-

217 2832 320 2914 gatas,
352 2830 438 2896 velut
466 2849 536 2897 aum
558 2829 815 2898 Valentinianum
843 2829 919 2896 dicit
945 2829 1048 2908 „omni
1070 2832 1345 2897 aetatememora·

216 2918 310 2982 bilem
333 2914 520 2998 prinoipem‘
547 2917 606 2999 (ep.
629 2917 780 3000 9,.131),
811 2915 1037 3000 „venerabilem
1060 2917 1180 2998 patrem
1204 2918 1342 2999 patriae“

215 3003 275 3085 (ep.
298 3003 335 3079 3,
369 3001 424 3086 82)
452 3003 484 3066 et
514 3020 591 3083 quae
619 3002 682 3068 alia
710 3001 774 3068 eius
804 3002 927 3085 generis
955 3001 988 3065 in
1023 3003 1164 3085 epistolis
1192 3004 1346 3070 habentur

214 3089 364 3170 plurima,
401 3089 431 3151 at
453 3086 486 3150 in
508 3087 718 3171 panegyricis,
753 3107 883 3170 quorum
906 3087 1083 3170 fragmenta
1109 3091 1205 3153 etiam
1227 3091 1345 3167 extant,

214 3174 435 3256 imperatorum
466 3173 572 3238 laudes
601 3191 673 3238 cum
694 3173 728 3236 in
750 3173 877 3239 modum
899 3174 1051 3256 augentur
1074 3174 1105 3238 et
1122 3177 1346 3258 exaggerantur

213 3257 335 3341 ipsique
358 3257 433 3322 adeo
455 3257 488 3322 in
511 3259 632 3324 coelum
659 3257 864 3334 extolluntur,
899 3258 934 3322 ut
962 3259 1081 3324 animos
1110 3263 1232 3326 nostros
1260 3280 1345 3326 sum-

213 3363 337 3426 mopere
360 3343 495 3407 offendat
517 3344 549 3410 et
571 3344 755 3409 documento
777 3342 835 3421 sit,
866 3347 1054 3425 quantopere
1082 3343 1106 3408 ii
1134 3364 1253 3428 quoque
1275 3347 1344 3424 viri,

213 3448 288 3511 quos
311 3427 433 3496 miseris
456 3429 505 3494 his
529 3430 751 3495 blandimentis
774 3429 856 3493 certe
879 3428 1012 3494 maiores
1034 3430 1209 3511 putaueras
1233 3432 1346 3515 quippe

213 3515 266 3597 qui
288 3533 408 3597 semper
430 3515 631 3596 antiquitatis
653 3513 900 3580 studiosissimos
925 3518 1124 3597 veterumque
1152 3534 1275 3582 morum
1297 3519 1345 3582 in·

213 3601 395 3682 tegerrimos
419 3601 553 3666 cultores
576 3618 608 3665 se
630 3600 868 3682 praedicassent,
892 3599 1048 3665 communi
1069 3601 1244 3684 temporum
1268 3602 1348 3670 uitio

214 3686 375 3763 cesserint,
409 3687 490 3768 qnod
519 3685 676 3767 imprimis
703 3686 738 3749 in
759 3684 905 3750 laudibus
938 3685 1004 3748 Val.
1032 3685 1073 3750 II.
1103 3687 1240 3769 apparet.
1286 3687 1346 3755 Sed

215 3770 252 3834 ut
274 3769 312 3833 ad
334 3771 517 3836 institutum
539 3773 682 3836 nostrum
704 3771 875 3848 redeamus,
892 3788 993 3853 quam
1017 3771 1164 3837 familiari
1186 3773 1250 3838 fere
1265 3773 1345 3839 ami-

213 3854 288 3918 citia
309 3855 546 3938 imperatoribus
569 3857 694 3921 iunctus
716 3856 811 3922 fuerit
833 3856 933 3920 multa
955 3858 1044 3936 sunt,
1074 3876 1153 3938 quae
1176 3857 1341 3924 declarent.

205 3940 256 4010 ,Ut
277 3959 375 4022 pauca
396 3944 487 4007 modo
510 3942 736 4025 significemus,
768 3941 936 4011 Gratianus
959 3959 1030 4016 aum
1054 3961 1081 4006 a.
1105 3943 1179 4008 377.
1202 3962 1274 4024 prae
1297 3963 1345 4007 ce-

213 4025 288 4090 teris
311 4026 490 4103 honorarit,
525 4046 596 4092 cum
625 4028 762 4094 edictum
792 4029 826 4092 in
854 4029 962 4093 senatu
984 4027 1175 4094 recitandum
1204 4028 1232 4092 ei
1254 4047 1344 4096 man·

211 4111 316 4189 daret,
348 4113 541 4194 praefectura
567 4114 685 4178 urbana
708 4131 770 4176 non
792 4113 912 4194 patenti
941 4131 959 4178 a
980 4113 1150 4179 Theodosio
1177 4114 1209 4178 at
1231 4114 1345 4180 Valen-

210 4195 334 4263 tiniano
357 4199 468 4279 sponte
495 4198 600 4264 delata
632 4199 680 4262 est
708 4199 766 4281 (ep.
792 4198 848 4277 10,
871 4200 941 4284 22),
964 4198 1029 4266 Gal.
1053 4202 1125 4266 Jan.
1149 4203 1345 4265 exactorum

211 4283 433 4349 consuetudine
456 4284 569 4348 strenis
593 4283 699 4350 missis
719 4285 758 4350 ab
773 4284 1012 4366 imperatoribus
1035 4286 1212 4352 ornabatur.
1236 4287 1345 4368 Itaque

211 4369 297 4434 aetas
326 4369 386 4435 illa
412 4387 466 4450 per
492 4387 650 4434 summurn
678 4370 852 4437 divinornm
883 4370 1061 4454 principum
1088 4389 1203 4438 numen
1231 4371 1343 4455 gubar-

212 4457 288 4517 nata
322 4453 472 4520 eiusmodi
506 4473 526 4524 a
554 4455 739 4540 Symmacho
772 4457 947 4530 celebratur
988 4455 1148 4538 laudibus,
1183 4461 1218 4523 ut
1253 4475 1345 4523 amaa
