3214 5012
1281 306 1319 370 17

187 521 328 572 mensam
351 502 445 585 atque
467 498 713 566 interminatam.
745 497 856 581 Imago
879 499 946 563 erat
968 492 1127 562 Victoriae
1149 493 1322 578 gradientis

186 591 237 656 rel
261 586 465 664 advenientis,
489 603 566 669 quae
588 584 763 670 tingebatur
786 583 871 648 alata
891 600 985 666 ,pero
1002 581 1084 647 crine
1098 579 1216 662 virago,
1240 579 1321 644 nudo

188 677 338 760 suspensa
370 675 447 757 pede
479 671 677 755 strophioque
711 667 865 744 recincta,
903 667 1040 732 tumidas
1073 664 1216 730 fluitante
1252 664 1323 730 sinu

188 761 302 827 vestita
324 757 478 842 papillas“
514 757 662 824 Prudent.
690 755 723 819 in
753 753 870 838 Symm.
893 752 930 830 2,
963 754 1030 836 36).
1075 751 1143 816 Μοι
1174 754 1241 816 erat
1269 770 1323 835 per

189 847 280 930 plura
309 843 450 921 saecula,
483 864 504 908 u
549 845 720 920 senatores,
754 840 918 924 postquam
947 838 1173 916 convenerunt,
1207 835 1241 900 in
1268 855 1323 901 ιιι

192 930 347 997 Victoriae
382 947 470 993 sacra
497 928 644 995 facerent.
688 925 766 990 Cum
797 941 868 990 vero
895 922 1144 990 Christianorum
1175 940 1322 988 numerus

191 1018 222 1083 et
247 1017 343 1081 honor
373 1016 481 1079 auctus
509 1017 591 1080 esset
619 1014 712 1095 atque
740 1010 843 1093 plures
870 1009 903 1074 in
931 1011 1076 1075 senatum
1105 1026 1225 1091 quoque
1254 1026 1323 1090 per-

192 1101 363 1176 venissent,
397 1117 491 1182 quam
524 1099 632 1182 iniquo
666 1097 770 1162 animo
802 1097 880 1160 talos
913 1095 1096 1161 cerimonias
1130 1092 1260 1160 tulerint
1293 1093 1325 1157 et

193 1187 379 1268 quantopere
401 1184 508 1249 offensi
531 1188 595 1250 sint
616 1182 708 1248 facile
730 1181 934 1264 intelligitur,
969 1199 1041 1246 cum
1068 1179 1132 1245 iam
1160 1178 1194 1242 in
1217 1196 1325 1244 eorum

193 1273 331 1356 ipsorum
352 1270 522 1335 ludibrium
545 1288 601 1335 aru
621 1268 724 1350 posita
746 1269 778 1331 et
799 1284 889 1332 sacra
903 1266 970 1331 fieri
984 1265 1171 1332 riderentur.
1213 1265 1324 1347 ltaque

193 1375 229 1420 er
257 1356 314 1420 hac
343 1354 406 1418 iam
434 1355 536 1421 aetate
566 1352 749 1436 saepissime
778 1371 814 1416 ac
842 1371 963 1418 summo
986 1371 1057 1418 cnm
1087 1349 1194 1416 ardore
1220 1353 1325 1415 actum

191 1443 240 1506 est
261 1442 298 1506 de
321 1458 375 1504 ara
389 1439 557 1517 Victoriae,
580 1441 685 1504 utrum
708 1439 957 1516 submoveretur,
981 1456 1020 1502 an
1044 1436 1270 1514 restitueretur,
1294 1437 1326 1500 et

192 1544 269 1610 quae
292 1545 339 1590 res
368 1525 458 1590 initio
487 1525 619 1592 minima
644 1523 828 1608 putabatur,
861 1521 944 1588 tanti
974 1523 1058 1589 facta
1088 1522 1136 1588 est
1163 1521 1324 1601 momenti,

191 1615 228 1676 ιιι
261 1630 315 1694 per
347 1629 416 1676 eam
448 1610 670 1694 imperatorum
693 1612 747 1673 aut
781 1609 821 1674 ad
844 1609 979 1674 veterem
1013 1609 1133 1674 cultum
1161 1607 1325 1673 inclinatio
1383 1657 1384 1662 ι

195 1699 249 1761 aut
271 1693 518 1762 Christianorum
540 1695 750 1780 patrocinium
772 1695 1014 1778 cognosceretur.
1049 1693 1222 1759 Christiani
1243 1694 1326 1758 idem
1386 1755 1396 1766 ,

193 1783 384 1866 propositum
407 1783 531 1858 strenue
555 1801 674 1866 semper
695 1779 866 1864 persecuti,
897 1781 935 1844 ιιι
964 1799 1052 1845 aram
1078 1779 1213 1845 invitam
1234 1778 1327 1845 tolle·

193 1872 271 1945 rent,
295 1867 498 1951 imperatores
519 1869 659 1950 precibus
682 1865 835 1940 adierunt.
857 1865 974 1945 Primo,
999 1865 1080 1949 quod
1095 1864 1194 1932 sciam
1208 1883 1236 1930 a.
1252 1865 1325 1932 357.

194 1971 248 2018 ara
277 1953 397 2018 remota
425 1955 474 2018 est
495 1951 672 2019 Constantii
701 1953 803 2030 iussu,
838 1949 892 2033 qui
922 1970 993 2017 cum
1021 1971 1056 2018 oo
1084 1969 1164 2016 anno
1194 1951 1326 2015 Romam

194 2038 308 2103 viseret
335 2039 401 2102 eius
431 2041 557 2123 aspectu
586 2057 619 2103 se
648 2037 805 2120 inquinari
828 2041 860 2100 ιι
884 2035 984 2120 pollui
1011 2037 1145 2120 putabat
1168 2036 1325 2120 (Ambros.

194 2125 251 2206 ltp.
276 2124 325 2202 18,
349 2123 416 2204 32).
461 2123 608 2192 Julianus
631 2143 702 2190 vero
730 2123 777 2187 nil
805 2121 867 2186 sore
890 2123 1050 2206 antiquius
1072 2122 1198 2200 habuit,
1232 2139 1327 2204 quam

194 2213 230 2274 ιιι
253 2227 341 2273 aram
369 2209 556 2276 restitueret.
594 2207 837 2275 Valentinianus
866 2208 907 2286 I.,
942 2227 1131 2292 quamquam
1159 2209 1327 2273 acerrimus

195 2296 226 2359 ιι
250 2295 539 2374 vehementissimus
562 2295 810 2361 Christianorum
833 2293 991 2373 defensor,
1022 2312 1109 2360 aram
1135 2295 1328 2358 tamennon

196 2379 339 2457 sustulit,
374 2383 428 2445 sed
456 2381 597 2462 reliquit,
631 2381 711 2462 quod
738 2378 922 2445 Ambrosius
950 2379 997 2445 ita
1025 2379 1206 2462 explicarit,
1240 2377 1329 2460 quasi

196 2466 364 2616 {imperalffl'
386 2484 469 2616 atram
494 2467 611 2616 ertarpt
614 2465 746 2616 omninp1
749 2465 935 2614 ‘ignorpsset
964 2467 1034 2532 Iam
1049 2465 1212 2616 ridebpgur
1227 2465 1328 2614 omplris

217 2568 345 2616 rssensro
374 2570 390 2615 ι
434 2570 523 2617 omne
547 2571 580 2617 ce
612 2571 703 2617 amen
747 2571 824 2616 rrem
863 2570 931 2629 um,
960 2571 1031 2618 cum
1052 2570 1085 2616 re
1125 2570 1145 2614 n
1221 2570 1254 2615 er
1295 2570 1328 2614 ι-

196 2641 315 2702 cretum
337 2636 506 2702 Mediolani
527 2639 637 2702 datum
660 2570 846 2703 Gratianusp
854 2655 941 2701 aram
962 2569 1123 2703 nemoralie
1135 2570 1238 2702 insola.
1262 2635 1329 2716 Quo

196 2723 308 2786 nuntio
331 2725 453 2807 accepto
476 2725 634 2790 senatores
656 2724 688 2788 ιι
711 2725 764 2806 qui
787 2721 842 2787 alii
870 2723 954 2787 idem
984 2742 1056 2788 cum
1083 2721 1128 2786 eis
1150 2721 1330 2786 sentiebant

196 2824 390 2888 summopere
413 2808 557 2889 perculsi,
582 2827 715 2892 quonam
737 2808 829 2872 modo
851 2827 905 2872 ara
927 2808 1153 2885 restitueretur,
1177 2805 1329 2871 delibera-

196 2892 282 2956 bant.
312 2892 438 2957 Placuit
459 2895 591 2973 senatui,
613 2893 701 2960 mitti
725 2895 764 2958 ad
786 2893 1005 2976 imperatorem
1028 2893 1227 2977 legationem,
1250 2909 1329 2972 quae

197 2975 323 3060 singula
345 2981 508 3061 exponeret
529 2981 561 3044 et
582 2982 617 3044 ut
640 2998 695 3044 ιιι
717 2979 896 3044 redderetur
923 2980 1049 3062 peterat.
1093 2978 1152 3044 Oui
1180 2977 1330 3061 legationi

197 3063 266 3144 quis
289 3061 505 3145 praeficeretur
528 3063 657 3130 dubium
680 3083 741 3130 non
764 3066 840 3143 erat,
864 3084 935 3129 cum
956 3064 1059 3148 gentis
1081 3063 1242 3142 nobilitas,
1265 3063 1330 3128 elo-

198 3149 340 3230 quentiae
367 3149 453 3228 laus,
488 3149 585 3214 honor
614 3150 757 3232 publicus
786 3154 819 3214 ιι
845 3150 878 3214 in
909 3155 1020 3216 senatu
1048 3151 1217 3216 ιιιιιοιιιιι
1239 3147 1330 3230 Sym·

198 3234 342 3298 mactum
364 3254 461 3300 unum
484 3235 722 3299 commendaret,
767 3234 862 3299 Cuius
891 3235 937 3299 rei
964 3255 1035 3302 cum
1058 3253 1163 3300 rumor
1185 3234 1331 3317 divulga-

197 3321 299 3397 retur,
321 3321 432 3402 primis
454 3320 540 3385 illius
564 3320 675 3386 aetatis
698 3320 859 3402 episeopis,
883 3320 1019 3387 Damaso
1039 3322 1176 3386 Romano
1198 3320 1230 3382 ιι
1251 3319 1330 3382 Am-

196 3403 300 3469 brosio
322 3406 566 3483 Mediolanensi,
594 3406 678 3470 omni
700 3407 792 3471 modo
815 3405 1020 3470 obnitendum
1043 3407 1219 3482 videbatur,
1255 3421 1330 3485 quo-

199 3490 303 3554 minus
334 3490 431 3574 legati
465 3510 542 3574 quae
571 3491 720 3558 volebant
754 3493 998 3574 assequerentur.
1044 3492 1155 3574 Itaque
1187 3489 1332 3555 libellum

199 3575 308 3639 statim
330 3576 536 3658 compositum
559 3577 739 3658 imperatori
760 3579 953 3655 obtulerunt,
980 3596 1040 3659 quo
1063 3576 1204 3642 omnium
1226 3593 1332 3640 rerum

200 3660 371 3727 rationibus
395 3664 549 3727 conversis
571 3662 722 3728 maiorem
750 3665 930 3728 sanatorum
957 3681 1121 3729 numerum
1144 3660 1332 3726 christianae

200 3743 344 3828 religioni
376 3748 516 3814 addictos
550 3750 582 3812 ιι
609 3748 804 3830 imperatoris
837 3749 973 3825 decreto,
1008 3767 1068 3829 quo
1099 3765 1152 3810 ara
1174 3745 1332 3810 Victoriae

201 3831 383 3911 tollebatur,
411 3832 599 3900 laetissimos
622 3850 688 3898 asse
710 3833 879 3911 finxerunt,
910 3831 943 3897 id
966 3832 1061 3898 simul
1084 3832 1246 3908 addentes,
1278 3850 1331 3912 per

200 3917 318 4000 legatos
342 3937 403 3983 non
424 3921 520 3986 totius
543 3921 668 3985 senatus
692 3920 894 3996 voluntatem,
918 3919 972 3984 sed
994 3937 1072 4002 quae
1094 3918 1218 4002 pauculi
1241 3919 1331 3982 modo

199 4002 409 4068 desiderarant
431 4005 610 4088 significari.
655 4005 716 4071 Pro
739 4006 942 4084 auctoritate,
972 4025 1032 4087 qua
1057 4001 1239 4070 Ambrosius
1262 4021 1332 4066 cum

199 4087 327 4169 publica
348 4088 518 4170 fruebatur,
542 4096 610 4155 tum
634 4090 715 4171 apud
738 4090 955 4171 imperatorem
977 4091 1124 4172 pollebat,
1148 4088 1222 4169 quid
1245 4089 1331 4152 iutu-

200 4191 270 4238 rum
293 4175 376 4237 esset
398 4193 459 4238 non
482 4177 617 4259 amplius
640 4176 706 4240 erat
728 4175 945 4254 dubitandum,
969 4179 1001 4240 ιι
1022 4197 1071 4242 ιιι
1094 4173 1236 4240 inaudita
1258 4189 1332 4237 sane

201 4257 330 4337 accidit,
360 4261 400 4323 ιιι
422 4260 535 4343 legatis
564 4281 602 4326 ne
624 4261 728 4328 aditus
751 4261 875 4342 quidem
902 4261 942 4326 ad
963 4264 1181 4348 imperatorem
1202 4261 1332 4344 permit·

201 4343 334 4423 teretur,
368 4345 415 4410 ιιι
442 4348 478 4410 ιιι
504 4347 628 4414 iniectis
655 4348 746 4414 rebus
769 4349 902 4414 Romam
929 4349 1087 4414 redierint.
1131 4343 1240 4430 Neque
1260 4362 1332 4412 raro
1423 4383 1438 4394 -

202 4447 278 4494 cura
299 4433 352 4498 diu
374 4432 554 4500 intermissa
576 4437 631 4500 est.

1215 4541 1231 4592 a
