3214 5012
307 295 347 358 16

307 481 415 546 divine
437 478 603 564 opitulatio
628 479 756 550 invehat
778 479 1000 546 commeatus!“
1030 480 1146 548 necem
1172 479 1367 549 referendum
1387 481 1437 546 est

305 567 425 634 dictum
446 585 493 649 ep.
509 567 540 642 6,
564 565 604 634 75
630 565 682 642 ,in
704 565 883 632 coelestium
904 584 999 632 manu
1017 565 1065 632 cst
1085 565 1210 634 effectus
1233 563 1362 716 Ὕλαν,
1385 565 1436 630 vel

307 671 377 718 curn
400 670 447 733 ep.
472 653 507 730 9,
531 651 573 718 83
595 651 730 717 amioum
752 651 968 718 conservatum
995 649 1099 717 deberi
1122 651 1198 717 dicit
1223 700 1237 732 „
1263 649 1306 717 eis
1329 651 1434 718 aucto·

306 737 392 804 ribus
426 739 583 819 bonaeque
613 738 796 814 fortunae“;
830 736 977 802 similiter
1009 755 1055 818 ep.
1078 741 1115 815 3,
1140 736 1181 801 15
1203 736 1290 816 deos,
1321 733 1435 824 inquit,

306 821 399 888 amici
423 821 504 887 vitae
525 826 739 907 prospecturos
765 841 839 888 esse.
884 821 981 902 Quale
1003 823 1069 887 eius
1097 821 1146 890 his
1164 819 1202 886 de
1229 823 1321 888 rebus
1344 820 1438 888 inerit

306 907 466 990 iudicium,
489 907 608 990 liquido
630 906 781 990 expressit
795 907 828 972 in
851 926 896 1004 ep.
913 908 942 989 8,
964 907 1000 972 6:
1026 923 1156 988 „quaeso
1180 905 1318 975 custodes
1340 907 1438 976 bono·

246 1003 249 1010 ⁴
306 1012 376 1061 rum
399 991 480 1070 deos,
503 993 674 1058 valetudini
697 994 769 1058 tuae
790 992 926 1058 medicas
942 992 1100 1076 applicent
1121 985 1242 1072 manus,
1267 1011 1304 1058 ne
1326 975 1438 1075 optimi

306 1080 455 1144 senatoris
482 1078 576 1175 loprga
608 1077 728 1146 vexatio
764 1077 856 1144 fidem
883 1076 990 1158 faeiat,
1025 1076 1106 1147 nihil
1142 1096 1247 1144 curare
1280 1078 1437 1154 coelestes,

307 1183 409 1315 ataqtuo
430 1165 573 1314 opiprtoarze
594 1163 758 1316 disstffitio,
787 1164 878 1243 teque
900 1163 1052 1314 ρτοὲἰᾶιατᾶ
1063 1161 1328 1280 ορααιτὶαλιιίαια
1351 1167 1438 1246 pote·

448 1267 463 1312 s
496 1268 507 1312 ι
919 1267 952 1311 ι,
1110 1297 1117 1310 .

307 1269 322 1314 s
375 1268 523 1413 unilrgis,
547 1266 913 1417 ααῗίίαοίοριίίτῗίέίί,
936 1267 1191 1415 gmriillnilsnpatet,
1208 1332 1437 1418 Symmachum,

307 1439 378 1486 cum
401 1437 469 1484 eam
491 1419 673 1490 retinuisset
694 1420 821 1484 deorum
840 1417 1027 1501 opinionem,
1050 1419 1087 1482 nt
1109 1436 1159 1484 eos
1181 1437 1318 1484 summos
1339 1419 1438 1490 totius

184 1553 188 1568 ,
307 1506 416 1573 mundi
449 1507 668 1588 gubernatores
700 1505 833 1589 putaret,
867 1503 921 1586 qui
954 1505 1114 1570 levissima
1136 1504 1230 1568 etiam
1253 1506 1286 1568 et
1307 1502 1440 1571 minima

308 1609 445 1675 quaeque
468 1590 528 1674 ipsi
550 1597 691 1675 regerent
713 1594 745 1654 et
766 1588 1032 1668 administrarent,
1062 1588 1293 1673 superstitiosas
1316 1606 1437 1672 quoque

307 1676 444 1760 priorum
472 1677 610 1744 aetatum
640 1675 810 1742 sententias
837 1677 1018 1741 iamdudum
1049 1675 1181 1740 abolitas
1213 1676 1306 1758 plane
1333 1675 1439 1766 eodem

230 1809 237 1818 -
308 1763 412 1828 studio
434 1780 572 1828 sorvmse
594 1764 626 1827 et
647 1761 789 1827 coluisse.

411 1846 470 1912 Sed
492 1846 610 1912 iamed
632 1847 665 1912 id
681 1847 798 1912 fectum
815 1843 1015 1910 enarrandum
1040 1844 1232 1922 devenimus,
1255 1842 1346 1925 qnod,
1368 1864 1440 1910 cum

307 1931 613 2016 praestantissimum
641 1931 708 1998 tota
730 1929 908 2014 Symmachi
936 1929 1002 1995 vita
1023 1932 1114 2006 esset,
1138 1929 1240 1996 solnm
1262 1929 1380 2008 effecit,
1403 1932 1441 1994 nt

307 2018 445 2167 oratorist
460 2035 571 2084 nomen
587 2037 647 2084 non
664 2016 779 2100 periret
794 2015 920 2098 eiusque
936 2015 1139 2098 epistolarum
1162 2015 1248 2100 copia
1270 2015 1320 2082 sat
1335 2017 1440 2103 ampla

308 2122 429 2168 servare
445 2122 491 2168 ur.

543 2289 589 2358 ΙΙΙ.
613 2289 658 2359 lte
682 2289 844 2359 relatione
868 2302 927 2373 pro
951 2303 1012 2358 ara
1035 2285 1211 2396 lictoriae.

412 2443 624 2529 Symmachus,
647 2463 707 2528 quo
730 2446 798 2510 erat
820 2444 925 2510 animo
941 2441 1113 2525 tranquillo
1136 2444 1168 2508 et
1189 2461 1208 2508 a
1230 2441 1340 2528 quaevis
1364 2462 1436 2510 con·

304 2531 446 2596 tentione
468 2531 585 2608 alieno,
620 2549 778 2613 nunquam
801 2529 866 2614 ipse
893 2546 928 2593 eo
955 2547 988 2593 se
1011 2527 1119 2594 deduci
1141 2548 1250 2614 passus
1274 2531 1369 2611 esset,
1404 2533 1439 2595 ut

309 2615 498 2682 Christianis
521 2615 647 2698 iniquus
670 2615 842 2692 videretur,
876 2615 989 2678 nedum
1012 2613 1178 2680 hostilibus
1206 2634 1257 2680 eos
1284 2615 1358 2682 telis
1385 2635 1437 2700 pe-

309 2705 400 2767 teret.
423 2702 468 2765 At
490 2719 537 2767 res
559 2700 754 2783 inexpectata
775 2700 887 2766 accidit
902 2700 934 2764 et
950 2699 1059 2778 effecit,
1083 2700 1119 2764 ut
1134 2704 1255 2784 praeter
1270 2701 1437 2786 principem

310 2789 428 2863 locum,
460 2804 551 2868 quem
579 2786 613 2851 in
636 2786 764 2852 civitate
786 2785 964 2863 obtinebat,
995 2784 1112 2867 primae
1139 2804 1258 2870 quoqne
1280 2791 1384 2870 partes
1406 2786 1440 2850 in

310 2872 501 2938 defendenda
523 2871 650 2954 antiqua
672 2871 820 2955 religione
842 2873 870 2937 ei
892 2871 1099 2946 deferrentur,
1131 2872 1212 2938 unde
1234 2873 1357 2939 landem
1379 2871 1440 2936 sibi

310 2957 500 3039 comparavit
521 2957 711 3041 perpetuam.
750 2956 809 3020 Sed
832 2974 890 3037 quo
913 2975 962 3020 res
985 2957 1158 3022 accuratius
1182 2958 1366 3040 explicatur,
1387 2975 1438 3020 ar-

310 3044 460 3126 gumenta
482 3042 642 3126 aliquanto
664 3042 761 3108 altius
784 3041 950 3126 repetenda
972 3045 1055 3118 sunt.

412 3126 545 3193 Senatus
568 3127 676 3194 haberi
698 3127 809 3194 solitus
832 3127 927 3192 estin
944 3126 1029 3192 curia
1043 3127 1182 3194 Hostilia
1197 3127 1313 3211 etpost
1327 3123 1441 3196 Caesa·

310 3231 376 3278 rem
398 3211 596 3278 interfectum
618 3213 652 3276 in
674 3213 760 3278 curia
780 3213 877 3279 Julia.
900 3215 940 3279 A.
963 3213 992 3277 d.
1007 3213 1045 3279 V.
1068 3213 1132 3283 Gal.
1156 3213 1239 3298 Sept.
1262 3231 1291 3278 a
1313 3232 1344 3276 u.
1369 3211 1441 3274 725.

311 3301 473 3383 Augustus
494 3298 528 3362 in
550 3297 690 3364 (laeseris
713 3299 858 3366 honorem
880 3303 952 3364 anta
970 3298 1124 3364 Victoriae
1146 3295 1332 3376 imaginem,
1361 3309 1440 3371 quae

309 3385 432 3454 iamin
454 3383 540 3450 ouria
561 3388 638 3463 erat,
663 3403 749 3451 aram
772 3385 844 3470 poni
866 3384 962 3448 iussit
984 3385 1014 3444 ot
1036 3381 1070 3444 in
1093 3398 1129 3444 ea
1151 3375 1352 3472 supplicari..
1374 3373 1442 3454 Qua

310 3475 348 3536 de
377 3488 410 3534 re
439 3470 487 3534 vd.
513 3470 598 3542 Suet.
628 3471 708 3554 Aug.
732 3471 789 3536 35:
827 3467 963 3547 ,sanxit,
993 3464 1030 3528 nt
1061 3464 1242 3546 priusquam
1272 3459 1442 3526 consudaret

310 3554 440 3637 quisque
462 3557 532 3620 ture
554 3573 590 3620 ac
611 3575 694 3620 mero
717 3553 907 3639 supplicaret
928 3549 1010 3632 apud
1030 3567 1117 3614 aram
1132 3548 1199 3612 eius
1215 3543 1274 3624 dei,
1296 3545 1331 3612 in
1354 3546 1441 3612 cuius

311 3641 427 3722 templo
450 3640 610 3706 coiretur.“
651 3639 696 3704 Cf.
717 3637 804 3705 Suet.
827 3639 908 3722 Aug.
934 3635 1008 3710 1003
1032 3631 1200 3698 Herodian.
1222 3634 1253 3710 5,
1276 3632 1312 3707 ὃς
1336 3631 1366 3710 7,
1392 3633 1441 3698 11.

312 3727 371 3792 Dio
394 3724 521 3794 cassius
543 3727 601 3802 51,
630 3726 671 3793 22
694 3725 768 3791 haec
789 3723 884 3788 habet
906 3721 943 3785 de
965 3720 1071 3784 statua
1092 3715 1266 3785 Victoriae:
1292 3713 1385 3796 ,aaa
1406 3715 1442 3786 ds*

310 3811 413 3878 ταῦτα
434 3808 610 3878 διετέλεσεν
631 3803 669 3876 τό
691 3835 726 3876 τι
749 3801 907 3895 &dipsacos
933 3799 971 3870 τὸ
994 3795 1191 3873 Χαλκιδικὸν
1213 3785 1443 3888 ω’νομασμὲνον

311 3896 365 3966 καὶ
386 3890 425 3962 τὸ
447 3889 670 3980 βουλευτήριον
691 3890 730 3960 τὸ
745 3885 915 3966 Ἰανλίειον,
937 3886 975 3955 τὸ
998 3887 1057 3955 ἐπὶ
1070 3897 1111 3998 τῇ
1132 3889 1189 3989 cor}
1204 3877 1442 3990 narpog'adcod

311 3988 388 4069 τιμῇ
411 3973 592 4064 γενόμενον,
619 3977 833 4062 καθιέρωσεν.
865 3973 1015 4064 ἑνέστησε
1036 3973 1072 4041 δὲ
1093 3998 1128 4054 ες
1150 3969 1228 4042 cord
1248 3973 1293 4044 ,τὸ
1316 3975 1443 4059 αγαλμα

311 4063 349 4134 τὸ
371 4066 429 4168 τῆς
450 4062 537 4152 νίκης
559 4059 596 4130 τὸ
618 4063 673 4129 καί
694 4065 748 4128 νῦν
767 4055 813 4138 liv,
836 4061 949 4147 δηλῶν,
973 4056 1016 4138 ὥς
1037 4057 1149 4136 ἔοικεν,
1171 4053 1222 4130 ὅτι
1246 4051 1325 4146 παρ’
1348 4052 1444 4139 αὐτῆς

312 4147 369 4240 τὴν
390 4144 489 4238 αρχὴν
511 4142 684 4236 ἐκτήσατο.
708 4136 746 4235 ἦν
772 4147 808 4214 δὲ
835 4142 874 4235 δὴ
901 4155 966 4214 ταῖν
990 4142 1209 4234 Ταραντίνων,
1243 4146 1296 4214 καὶ
1318 4143 1444 4211 ἐκεῖθεν

312 4237 346 4315 ἐς
367 4233 426 4323 τὴν
446 4227 569 4322 Ῥώμην
596 4233 755 4320 κομισθὲν
783 4231 818 4302 ἔν
844 4258 880 4300 τε
906 4234 954 4319 τῷ
981 4229 1106 4320 συνεδρί
1154 4224 1273 4318 ίδρίιθη
1300 4229 1354 4296 καὶ
1375 4221 1444 4325 ᾼί-

312 4319 460 4409 ναπαίας
481 4313 635 4409 λαφύροις
654 4312 855 4410 ἐκοσμήθη.“
891 4320 960 4388 Hac
981 4320 1087 4389 statua
1139 4318 1277 4390 icterias,
1300 4314 1333 4381 in
1356 4331 1443 4380 curus

313 4409 417 4478 tutela
437 4408 546 4477 urbem
567 4427 635 4476 esre
655 4411 820 4494 putabant,
843 4404 1015 4508 significari
1038 4403 1204 4472 censebant
1223 4400 1344 4499 imperii
1359 4401 1444 4500 aete·

314 4500 378 4564 tem
406 4493 503 4563 nullis
533 4514 684 4570 annorum
717 4495 830 4564 finibus
864 4489 1129 4578 crrcnmscriptam
1162 4492 1193 4553 at
1223 4487 1356 4576 gloriam
1385 4506 1443 4554 nn·
