3214 5012
286 315 327 379 14

285 499 397 565 merita
411 499 466 564 deo
478 499 644 583 applicat“,
669 499 860 567 absimiliter
881 509 928 584 e'p.
947 503 997 584 10,
1020 504 1059 569 61
1086 505 1208 584 ,omnia
1223 506 1348 588 quidem
1362 503 1417 570 deo

285 586 378 668 plena
389 588 472 668 sunt,
486 605 542 652 nec
553 587 636 651 ullus
648 586 771 670 perfidis
783 589 872 652 tutus
884 590 931 654 est
942 589 1060 668 locus“,
1071 594 1164 673 atqua
1174 591 1255 656 infra
1270 607 1419 674 „aequum

285 673 348 751 est,
379 671 526 752 quicquid
555 683 659 737 omues
682 674 802 751 colunt,
825 685 922 738 unum
944 675 1057 755 putari.
1102 677 1217 744 Eadem
1244 679 1418 762 spectamus

285 758 376 838 astra,
402 773 563 822 commune
585 759 707 823 coelum
729 760 786 837 est,
820 758 903 824 idem
926 779 980 826 nos
1001 761 1134 826 mundus
1156 762 1301 828 inuoluit
1337 759 1419 842 Quid

284 842 431 921 interest,
461 861 521 925 qua
543 842 673 926 quisque
700 844 865 925 prudentia
891 863 998 910 rerum
1020 846 1180 927 inquirat?
1209 847 1279 912 Uno
1307 846 1419 912 itinere

290 943 350 992 uon
373 931 476 1011 potest
498 930 652 1009 perveniri
674 935 714 994 ad
736 930 804 994 tam
826 931 941 1013 grande
969 933 1151 997 secretum.“
1175 932 1219 998 At
1240 933 1273 997 in
1295 931 1421 1014 perqui-

284 1013 386 1078 rendis
409 1013 560 1079 eiusmodi
582 1015 659 1079 locis
681 1015 825 1080 cautione
847 1034 923 1096 opus
946 1017 1002 1097 est,
1027 1035 1065 1080 ne
1087 1019 1122 1082 in
1144 1017 1198 1097 eis,
1223 1035 1301 1101 quae
1324 1017 1415 1082 strio·

290 1098 348 1163 tim
371 1098 569 1163 intuentibus
592 1100 652 1164 huc
668 1100 832 1164 referenda
854 1101 1014 1179 videntur,
1039 1119 1139 1168 errore
1162 1106 1297 1186 capiare..
1338 1101 1418 1181 Quid

285 1183 369 1248 enim
381 1183 481 1267 magis
493 1186 636 1266 apertum
648 1186 740 1269 atque
755 1185 872 1249 clarum
885 1186 1025 1252 videatur
1036 1187 1091 1262 eis,
1115 1206 1192 1270 quae
1203 1188 1313 1256 scribit
1327 1207 1373 1270 ep.
1387 1187 1417 1272 8,

287 1271 325 1333 11
352 1269 480 1353 ,religio
509 1269 593 1334 enim
615 1271 673 1334 fide
695 1271 827 1353 pectoris
856 1273 1046 1349 continetur,
1070 1274 1103 1338 in
1125 1275 1287 1340 verborum
1309 1272 1417 1338 officiis

285 1354 365 1420 latet
375 1355 556 1436 plerumque
572 1355 761 1434 simulatam,
776 1357 828 1423 vel
843 1376 890 1438 ep.
903 1361 932 1437 8,
947 1359 987 1424 12
1002 1358 1130 1442 „religio
1145 1360 1229 1424 euim
1241 1360 1343 1443 magis
1358 1357 1418 1434 fide

284 1440 382 1504 animi
407 1440 564 1506 metienda
591 1443 653 1521 est,
683 1461 776 1525 quam
804 1443 1010 1508 ostentatione
1032 1445 1226 1510 verbornm“.
1269 1447 1417 1512 Attamen

286 1527 394 1590 neuter
409 1525 494 1590 locus
516 1526 555 1591 ad
570 1527 761 1610 religionem,
785 1545 878 1609 quam
900 1547 983 1592 nunc
998 1529 1141 1607 dicimus,
1163 1534 1211 1597 est
1232 1530 1417 1608 referendus,

179 1659 183 1664 .
285 1612 340 1675 ssd
357 1613 486 1692 uterque
501 1612 540 1676 ad
562 1613 732 1676 amicitiam
748 1613 891 1695 pertinet.
935 1615 973 1678 In
985 1614 1051 1679 vita
1072 1618 1195 1696 priuata
1217 1618 1248 1682 et
1269 1615 1417 1680 familiari

285 1714 385 1762 mores
410 1701 491 1762 solos
507 1699 539 1762 et
554 1698 674 1762 animos
697 1698 859 1763 hominum
874 1701 1023 1776 spectarit
1045 1701 1186 1784 neglecta
1207 1703 1417 1768 doctrinarum

289 1782 477 1847 diversitate.
524 1781 619 1847 Cuius
646 1784 691 1848 rei
719 1785 912 1848 luculentum
935 1787 983 1848 est
1012 1787 1227 1851 testimonium
1249 1786 1416 1867 Ausonius,

286 1883 345 1951 quo
361 1867 490 1932 forsitan
506 1870 655 1951 magistro
671 1887 744 1932 usus
768 1871 823 1952 est,
848 1869 983 1934 amicum
1006 1871 1086 1936 certe
1100 1870 1317 1938 fidelissimum
1333 1889 1416 1936 sem-

285 1971 340 2036 per
364 1953 498 2038 colebat;
528 1955 608 2036 quod
631 1958 667 2019 ut
693 1954 885 2033 confirmem,
914 1974 1103 2039 quamquam
1130 1958 1164 2022 in
1186 1977 1219 2024 re
1247 1963 1312 2024 tam
1334 1959 1418 2030 certa

285 2039 468 2122 argumenta
491 2038 636 2104 videntur
658 2041 822 2121 superflua,
847 2041 944 2124 ipsius
967 2043 1114 2107 verbain
1135 2043 1273 2109 medium
1296 2043 1416 2124 profero

283 2143 319 2188 er
346 2143 390 2206 ep.
418 2126 444 2205 1,
467 2125 507 2188 31
539 2123 577 2187 ad
600 2126 773 2190 Ausonium
800 2126 888 2191 data:
922 2146 1036 2202 „unum
1063 2129 1251 2195 hortamen
1281 2148 1299 2193 a
1329 2130 1416 2194 uobis

283 2210 463 2273 indubitata
484 2209 617 2274 veritate
645 2226 804 2294 cognosce,
832 2213 985 2276 neminem
1012 2231 1076 2278 esse
1101 2215 1297 2294 mortalium,
1323 2232 1415 2294 quem

283 2313 356 2377 prae
377 2297 408 2358 te
431 2294 592 2378 diligam“.
638 2296 719 2376 Quid
735 2297 815 2377 quod
837 2298 939 2380 ipsum
953 2298 1131 2382 episcopum
1148 2301 1301 2382 quendam
1316 2298 1412 2363 Decio

283 2381 381 2445 amico
403 2380 454 2444 his
477 2381 579 2445 verbis
608 2383 804 2446 commendat
826 2388 886 2465 (ep.
913 2385 941 2463 7,
964 2387 1037 2467 all:
1070 2387 1188 2464 ,Trade
1217 2389 1322 2451 sancto
1344 2403 1414 2466 peo-

283 2466 406 2530 torituo
416 2467 543 2530 fratrem
553 2485 657 2531 meum
664 2467 821 2546 Severum,
834 2469 1010 2550 episcopum
1023 2471 1160 2535 omnium
1171 2473 1324 2536 sectarum
1336 2472 1415 2536 atte-
1539 2483 1541 2492 ’

283 2550 417 2616 statione
446 2551 652 2631 laudabilem,
687 2556 723 2618 de
751 2571 811 2634 quo
844 2554 933 2635 plura
962 2572 1011 2618 me
1044 2556 1146 2620 dicere
1179 2562 1211 2620 et
1240 2557 1414 2640 desperatio

282 2637 434 2718 aequandi
450 2637 555 2701 meriti
578 2640 609 2701 et
630 2639 728 2720 ipsius
752 2640 851 2718 pudor
872 2656 933 2703 non
948 2639 1037 2705 sinit.
1053 2692 1059 2704 .
1074 2658 1181 2723 .quem
1197 2660 1267 2706 cum
1288 2642 1413 2726 penitus

284 2722 472 2804 expenderis,
496 2723 630 2806 reperies
645 2743 695 2788 me
718 2723 846 2788 cessisse
861 2725 965 2805 potius
989 2726 1054 2790 eius
1077 2728 1229 2808 laudibus,
1253 2747 1346 2812 quam
1361 2745 1414 2810 per

284 2809 515 2891 neglegentiam
537 2809 699 2888 defuisse“,
723 2812 755 2873 et
777 2828 847 2874 cum
868 2809 1060 2876 Clementem
1082 2813 1255 2896 episcopum
1270 2813 1414 2880 Caesare-

284 2913 388 2958 eusem
411 2895 510 2958 amico
533 2896 777 2972 commendaret,
805 2899 907 2978 aperte
936 2897 1140 2980 significavit,
1163 2900 1196 2964 iu
1220 2901 1328 2965 amicis
1351 2917 1413 2962 uon

284 2997 350 3044 esse
380 2979 577 3061 spectandam
605 2981 803 3064 religionem,
836 2984 890 3046 sed
924 2983 1073 3047 animum.
1119 2986 1197 3050 Vide
1226 3005 1271 3068 sp.
1298 2989 1326 3061 l,
1355 2983 1412 3048 64:

287 3064 520 3145 „Commendari
542 3085 560 3131 a
582 3085 631 3130 me
647 3065 824 3149 episcopum
846 3069 926 3132 forte
941 3069 1071 3134 mireris.
1114 3069 1215 3137 Causa
1236 3070 1328 3152 istud,
1351 3087 1412 3134 uon

283 3152 367 3216 secta
388 3151 571 3231 persuasit.“

263 3265 269 3274 ⁸
386 3237 429 3299 lla
451 3254 528 3318 quae
549 3238 638 3302 modo
661 3236 774 3320 pretuli
804 3240 942 3306 sufficere
964 3241 1123 3322 videntur,
1152 3243 1263 3323 quibus
1287 3242 1413 3304 demon-

283 3321 416 3399 stretur,
440 3340 534 3406 quam
559 3341 654 3405 aequo
677 3326 779 3390 animo
802 3326 1003 3409 Symmachus
1030 3328 1136 3403 fuerit,
1165 3327 1351 3404 quantopere
1373 3323 1412 3384 ab

283 3407 415 3473 aliorum
445 3408 611 3474 offensione
641 3411 792 3491 quantula
819 3413 914 3475 etiam
942 3429 1061 3492 cunque
1084 3409 1291 3484 abhorruerit,
1320 3423 1412 3489 quam

283 3493 370 3558 nullo
392 3494 552 3578 religionis
575 3495 752 3560 discrimine
775 3496 808 3558 iu
835 3495 944 3560 amicis
972 3496 1107 3559 colendis
1130 3493 1239 3582 ductus
1262 3493 1312 3556 sit.
1358 3494 1411 3568 At,

283 3578 336 3660 qui
358 3578 393 3642 in
415 3582 549 3660 reliquos
577 3580 744 3646 mitissimo
772 3580 885 3644 iudicio
916 3581 1069 3658 uteretur,
1098 3579 1163 3661 ipse
1192 3579 1232 3643 ad
1259 3576 1412 3642 maiorum

284 3681 370 3729 sacra
392 3667 476 3730 totus
499 3682 667 3746 propensus
696 3684 757 3730 uon
779 3666 870 3730 modo
891 3666 993 3745 prisea
1016 3666 1047 3727 et
1069 3664 1241 3730 inveterata
1262 3663 1411 3728 instituta

283 3752 407 3816 secutus
430 3753 493 3828 est,
523 3752 577 3816 sed
607 3752 843 3834 superstitiones
871 3767 989 3831 quoque
1016 3749 1077 3813 fere
1104 3750 1168 3813 iam
1198 3749 1295 3814 aniles
1323 3749 1412 3814 anxie

156 3833 159 3839 ’
284 3837 426 3902 servavit.
450 3835 526 3916 Quis
542 3837 625 3901 euim
646 3839 679 3901 id
694 3837 752 3902 sibi
776 3836 967 3918 persuadeat,
991 3835 1118 3899 exeunte
1134 3837 1253 3900 saeculo
1269 3855 1298 3917 p.
1312 3834 1365 3900 Ch.
1379 3856 1408 3900 u.

283 3923 391 4005 quarto
419 3921 514 3986 fuisse
541 3923 637 3987 etiam
664 3922 766 3984 virum
795 3920 968 3984 liberaliter
990 3922 1154 3986 educatum
1180 3922 1212 3986 et
1239 3922 1411 4003 principem

284 4007 483 4085 incivitate,
512 4007 565 4090 qui
591 4007 734 4088 prodigia
761 4009 791 4069 et
813 4007 957 4086 portenta
986 4008 1208 4090 extimesceret‚
1238 4025 1315 4091 quae
1346 4008 1410 4071 iam

283 4093 439 4159 Ciceronis
462 4094 564 4157 aetate
591 4095 730 4175 sagacior
753 4091 881 4172 quisque
903 4091 1035 4158 riserat?
1063 4093 1110 4156 En
1139 4093 1237 4176 ipsius
1260 4094 1354 4159 verba
1376 4109 1412 4156 ex

283 4197 328 4262 ep.
359 4181 389 4260 6,
417 4181 461 4245 40
494 4179 650 4243 desumta:
685 4175 859 4247 „Gravibus
898 4177 1009 4244 civitas
1047 4179 1233 4244 sollicitatur
1263 4177 1410 4257 ostentis,

284 4283 415 4349 quorum
437 4264 553 4331 leviora
568 4265 731 4347 praetereo.
755 4263 840 4327 lllud
853 4266 926 4329 ante
944 4265 1049 4330 omnia
1071 4263 1286 4346 interpretatio
1308 4261 1410 4324 tristis

283 4351 440 4431 horrescit,
454 4352 534 4435 quod
549 4349 648 4415 natali
662 4347 748 4414 urbis
764 4348 925 4414 suffectum
936 4350 1095 4414 consulem
1110 4368 1226 4428 eunus,
1243 4363 1302 4431 quo
1317 4347 1410 4412 vehe-

284 4438 387 4517 batur,
407 4437 524 4502 evolvit
538 4455 592 4520 per
607 4435 751 4502 ferociam
769 4435 920 4522 bigarum,
945 4454 1022 4519 quae
1038 4435 1232 4517 triumphum
1246 4433 1409 4500 vehebant.

284 4525 393 4612 ltaque
414 4523 555 4610 palmata
569 4523 712 4612 amictus,
735 4522 889 4598 consulari
912 4521 1045 4614 insignis
1060 4528 1180 4612 ornatu,
1204 4523 1300 4590 fracto
1323 4539 1410 4596 crura
1513 4579 1520 4588 .
