3214 5012
1304 295 1346 360 66

316 481 433 559 Restat,
456 481 493 544 ut
513 479 604 544 huius
620 479 866 544 ratiocinationis
882 479 1065 563 argumenta
1080 477 1243 561 proteram,
1267 497 1345 562 quae

215 583 276 628 nou
306 584 341 629 ex
372 566 490 631 remoto
517 564 604 629 fonte
631 564 758 642 hausto,
791 565 844 628 sed
873 584 909 629 ex
937 564 1035 644 ipsius
1065 563 1241 648 Symmachi
1271 564 1346 629 locis

213 649 313 730 petita
333 669 511 734 proponam.
556 647 698 733 Legenda
725 651 772 714 est
799 668 846 732 ep.
870 650 900 728 6,
923 649 965 716 65
994 651 1033 714 66
1054 647 1236 715 Nicomachi
1266 648 1347 716 tilios

215 735 344 817 scripta:
370 735 555 813 ,Scribenda
578 753 638 798 non
661 735 787 812 desunt,
816 735 870 800 sed
892 735 996 800 horret
1018 735 1141 800 animus
1163 734 1249 818 loqui
1271 734 1348 800 dura

216 822 395 885 memoratu.
441 821 536 886 Video
569 823 675 884 tamen
712 821 829 886 famam
868 839 970 886 rerum
1006 820 1193 886 urbanarum
1231 837 1348 902 nequa·

215 924 308 986 quam
331 923 421 988 posse
447 905 598 983 cohiberi,
627 923 706 987 quae
728 906 765 970 ut
789 903 856 969 lieri
878 905 963 972 amat
989 905 1022 969 in
1049 905 1149 970 maius
1174 906 1348 988 praeseutia

216 991 426 1055 annuntiabit.
471 990 509 1055 Id
543 1008 581 1055 ne
610 988 745 1068 accidat,
768 991 935 1056 breviario
976 989 1081 1056 addito
1110 990 1262 1056 noscenda
1282 990 1348 1054 dis·

214 1074 386 1153 crevimus,
409 1077 446 1138 ut
468 1093 565 1158 neque
588 1075 721 1153 litterae,
758 1091 836 1156 quae
858 1077 945 1142 vobis
979 1075 1199 1140 salutationem
1231 1074 1346 1154 ierunt,

216 1160 253 1224 de
282 1160 425 1226 sollicitis
459 1160 699 1226 amaritudinem
731 1161 857 1226 trabant
884 1162 921 1224 et
954 1160 1155 1226 nihilominus
1189 1178 1347 1226 rumorum

215 1245 375 1310 licentiam
408 1244 483 1311 fides
517 1245 694 1327 scriptionis
726 1245 876 1310 excludat.
923 1245 982 1312 Sed
1013 1245 1050 1310 de
1082 1245 1132 1310 his
1165 1246 1344 1312 hacteuus.“

214 1330 344 1414 Reliqua
357 1331 497 1414 epistola,
522 1332 657 1413 quinque
672 1331 833 1396 versiculis
855 1329 1083 1414 comprehensa,
1107 1331 1140 1396 id
1155 1349 1253 1396 uuum
1269 1323 1346 1408 ora't,

214 1435 251 1480 ne
274 1417 364 1496 filiae,
388 1435 466 1499 quae
489 1417 593 1482 minus
617 1416 778 1481 commoda
799 1417 978 1482 valetudiue
1001 1417 1155 1493 uteretur,
1178 1415 1281 1481 malus
1303 1415 1347 1482 rei

213 1502 354 1582 publicae
377 1504 478 1567 statua
502 1504 652 1568 narretur.
697 1502 745 1566 lin
759 1502 897 1584 proiecto
912 1521 977 1566 rem
994 1500 1210 1579 certissimam,
1234 1502 1271 1566 de
1287 1517 1348 1584 qua

214 1586 355 1653 dubitare
379 1605 439 1652 non
465 1587 547 1652 lieet.
593 1589 724 1653 Factum
746 1604 849 1670 grave,
877 1587 970 1669 quob
988 1586 1086 1651 dicere
1113 1587 1252 1666 ,animus
1274 1587 1347 1652 hor·

215 1672 280 1736 666ι
306 1674 433 1738 seorsim
457 1692 512 1738 suo
532 1673 640 1738 libello
656 1673 831 1750 enarratur,
855 1672 950 1737 simul
965 1671 1089 1756 pagella
1111 1672 1245 1749 additur,
1269 1689 1346 1754 quaa

214 1775 280 1822 rem
307 1758 483 1840 generalem
510 1758 656 1824 eontinet.
700 1757 788 1822 Idem
816 1757 901 1823 cadit
928 1757 961 1822 in
991 1776 1036 1839 ep.
1060 1758 1089 1836 6,
1120 1757 1172 1822 48.
1217 1755 1342 1822 Gratias

214 1862 268 1925 pro
284 1844 437 1909 natalitiis
452 1843 557 1909 missis
580 1844 647 1926 agit
668 1843 836 1925 filiamque,
860 1846 895 1908 ut
917 1842 1067 1908 maiorem
1082 1860 1188 1908 euram
1210 1842 1345 1908 reficien-

215 1929 271 1992 dae
296 1929 470 1994 valetudini
492 1929 612 1995 tribuat
639 1929 780 1993 hortatus
809 1947 857 1992 res
884 1929 1025 2009 publicas
1054 1928 1184 1993 seorsim
1207 1928 1348 1994 nuntiari

214 2015 264 2076 his
287 2015 387 2078 verbis
410 2013 579 2098 significat:
606 2033 701 2097 ,quae
716 2015 754 2078 ad
769 2011 878 2078 urbem
893 2013 1061 2094 pertinent,
1085 2012 1216 2079 indiculi
1237 2013 1348 2080 cohae-

216 2099 312 2162 rentis
336 2100 466 2164 lectione
489 2099 650 2164 noscetis.“
700 2099 852 2164 Similiter
874 2117 920 2180 ep.
945 2099 975 2176 6,
998 2099 1049 2175 66,
1074 2099 1107 2162 in
1130 2118 1190 2180 qua
1207 2100 1346 2182 [epistola

216 2182 372 2268 generalia
399 2184 490 2249 modo
518 2185 725 2263 continentur,
755 2204 827 2250 oum
862 2185 1005 2269 „negotia
1027 2184 1180 2266 quaedam
1208 2185 1345 2250 urbana“

214 2287 269 2335 suo
300 2270 443 2336 codicillo
470 2271 611 2354 adposita
640 2271 713 2334 sint.
757 2267 946 2334 Conferenda
974 2269 1068 2334 etiam
1096 2271 1144 2334 est
1171 2289 1218 2353 ep.
1244 2270 1272 2348 l,
1296 2269 1346 2348 62,

213 2373 267 2436 per
297 2374 390 2437 quam
413 2355 581 2420 Messalam
612 2356 687 2433 adit,
721 2357 758 2419 ut
780 2355 950 2420 familiares
979 2373 1060 2434 suos,
1095 2373 1171 2436 quos
1201 2372 1347 2436 equorum

213 2443 413 2505 emendorum
436 2457 528 2506 causa
550 2441 584 2504 in
607 2440 791 2522 Hispaniam
813 2440 950 2518 miserat,
985 2439 1121 2505 adiuvet.
1167 2440 1347 2520 Quaerere

214 2527 339 2609 singula
361 2526 549 2590 desideraret
569 2525 603 2590 in
637 2525 703 2608 ipsa
725 2525 857 2607 epistola
879 2545 940 2591 non
964 2524 1168 2609 significavit,
1198 2543 1268 2590 cum
1290 2526 1348 2590 ad-

214 2612 317 2677 deret:
344 2611 505 2694 ,Lougum
528 2610 598 2689 fiat,
623 2610 651 2676 si
673 2611 769 2675 velim
796 2611 913 2676 litteris
942 2611 1128 2692 praestanda
1159 2629 1346 2700 percurrere.

215 2696 324 2778 Capita
346 2715 449 2761 rerum
472 2697 610 2763 subiecto
631 2696 769 2762 indiculo
792 2697 930 2761 strictim
960 2696 1096 2762 notavi.“
1144 2695 1252 2778 Neque
1276 2714 1346 2762 vero

216 2799 251 2844 ea
272 2782 337 2845 sola
359 2783 424 2846 erat
444 2789 563 2861 causa,
593 2800 645 2845 cur
672 2781 797 2845 litterae
830 2781 1023 2866 gravioribus
1047 2782 1240 2864 argumentis
1263 2797 1346 2854 care,

216 2866 302 2944 rent;
325 2866 422 2932 altera
443 2867 582 2932 accessit.
607 2865 687 2930 Cum
709 2884 771 2931 non
792 2867 839 2932 ita
860 2886 928 2934 raro
951 2868 1115 2945 evenisset,
1138 2870 1182 2932 ut.
1197 2866 1347 2948 epistolae

214 2950 694 3103 66666666
717 2952 1347 3118 6666666666

215 3139 291 3203 guas
306 3121 463 3186 litterulas
484 3122 659 3204 adportans,
684 3087 762 3204 quae
784 3125 947 3190 scribentis
971 3086 1348 3205 animum⁹siguificarent

216 3211 246 3271 et
268 3207 371 3271 nuntii
394 3207 608 3272 sinceritatem
631 3209 829 3274 testarentur.
875 3209 970 3276 Cuius
992 3209 1037 3274 rei
1060 3207 1271 3274 clarissimum
1293 3208 1347 3272 ‹lo-

215 3294 394 3358 cumantum
428 3293 557 3358 habetur
590 3311 638 3373 ep.
662 3294 691 3369 6,
713 3293 765 3371 60,
798 3312 875 3376 quae
898 3296 964 3358 tota
992 3296 1067 3359 haec
1090 3295 1152 3359 est:
1189 3291 1347 3373 „Scribere

214 3397 275 3442 non
297 3397 414 3455 recuso,
436 3379 489 3443 sed
504 3378 602 3444 malui
619 3377 744 3442 domino
768 3377 831 3442 lilio
847 3397 916 3444 meo
933 3378 1051 3444 Sibidio
1075 3377 1229 3444 narranda
1244 3395 1347 3444 coram

214 3481 268 3544 per
301 3463 401 3529 otium
427 3483 592 3530 reservare.
637 3462 710 3528 Sola
742 3463 841 3546 igitur
874 3463 1063 3529 salutatione
1093 3464 1241 3548 iungetur
1274 3463 1348 3529 haec

214 3549 446 3697 paffiina'dmus
465 3549 620 3698 6666116661
629 3549 661 3612 et
676 3549 779 3698 vesttro
801 3549 911 3698 h⁰¹i⁰¹i
919 3549 1100 3700 &tisifciet
1122 3568 1178 3699 ns30
1196 3549 1248 3700 igi)
1267 3550 1317 3614 rai
1332 3585 1346 3597 -

214 3652 306 3699 rena
361 3641 508 3699 ecere.“
582 3652 673 3698 aem
702 3653 733 3699 ea
781 3655 828 3700 e.
878 3686 885 3714 ,
965 3653 1176 3710 ‚ne.,
1277 3654 1347 3699 cum

214 3716 399 3784 Sallustium
428 3655 760 3785 Ι66666666166666666
788 3654 931 3785 ahoidit:
967 3655 1208 3802 ,auppleinsnta
1241 3723 1346 3784 autem

213 3803 360 3870 desiderii
382 3805 448 3870 eiua
470 3804 668 3871 stabellario
684 3804 834 3887 epistolae
856 3806 1069 3890 suggerentur,
1093 3823 1171 3886 quae
1187 3803 1260 3869 stilo
1277 3824 1346 3887 per·

213 3892 298 3970 sequi
320 3897 582 3973 supervacaneum
615 3889 698 3955 duxi.
743 3890 856 3973 Aptius
886 3894 934 3956 est
962 3890 1046 3954 enim
1075 3887 1209 3972 negotiis
1237 3897 1347 3955 mutuo

213 3971 397 4041 intimandis
420 3977 509 4042 vivae
532 3977 615 4043 vocis
638 3976 820 4041 1661ἰοί666.α
857 3976 945 4042 Adde
968 3976 1063 4040 etiam
1086 3993 1131 4057 ep.
1153 3975 1184 4052 3,
1208 3976 1260 4053 69,
1285 3994 1346 4058 qua

213 4056 398 4127 Flavianum
406 4063 560 4128 Ricomeri
577 4063 771 4130 commendat
787 4065 904 4126 etcum
920 4081 997 4144 quae
1013 4061 1049 4126 de
1065 4060 1120 4125 illo
1136 4059 1345 4143 malignorum

213 4145 374 4212 hominum
396 4167 499 4213 rumor
514 4148 717 4232 divulgasset,
740 4146 820 4213 falsa
842 4167 908 4214 esse
928 4146 1137 4215 contendisset
1159 4146 1205 4210 ita
1226 4146 1343 4228 pergit:

215 4231 384 4314 ,Querelae
406 4237 510 4298 autem
537 4251 635 4317 genus
667 4233 831 4299 hominum
860 4235 925 4299 eius
949 4233 1122 4318 suggestio,
1157 4231 1185 4297 si
1208 4231 1344 4311 iusseris,

212 4311 326 4383 melius
348 4323 557 4402 prosequetur,
592 4320 664 4402 quia
696 4318 861 4401 multiplex
894 4320 1009 4384 iniuria
1032 4319 1158 4383 modum
1192 4317 1339 4401 epistolae

212 4400 377 4470 familiaris
393 4404 541 4468 excedit.“
586 4406 646 4469 His
661 4407 854 4490 argumentis
869 4407 919 4472 sat
933 4405 1094 4486 perspicue
1116 4405 1345 4470 demonstrasse

212 4486 301 4553 nobis
318 4490 472 4571 videmur,
497 4490 549 4573 qui
572 4491 689 4558 factum
711 4489 770 4570 sit,
786 4493 821 4556 ut
842 4491 1013 4576 pleraeque
1031 4487 1181 4572 epistolae
1203 4489 1237 4553 in
1252 4489 1342 4556 rebus

1204 4595 1242 4643 3¹}
