3214 5012
1280 301 1322 368 25

189 487 263 554 dom
294 505 491 574 progressum
524 487 741 569 necessarium,
774 506 828 570 per
860 505 950 571 quem
982 487 1112 553 meliora
1142 507 1260 567 semper
1287 488 1345 566 in¹

188 575 296 640 locum
329 575 469 658 priorum
491 573 704 652 succederent,
739 573 812 638 inde
846 573 940 638 etiam
967 572 1089 656 probari
1122 573 1208 652 dicit,
1242 575 1323 659 quod

188 661 327 726 Romani
349 658 424 741 ipsi,
453 677 513 723 non
535 659 675 723 contenti
698 659 776 733 deis,
806 677 881 741 quos
910 657 1026 740 primos
1048 660 1080 723 et
1105 660 1244 745 proprios
1267 661 1323 726 ha·
1357 740 1361 747 Ι

189 744 351 824 buissent,
382 744 514 810 aliarum
538 764 657 827 quoque
678 745 820 828 gentium
848 743 977 808 numina
1010 744 1212 826 recepissent»
1247 746 1323 812 Vic-

190 831 316 910 toriam,
340 849 433 914 quam
454 829 504 895 illi
525 831 613 895 deam
633 831 784 912 putarent,
807 848 921 893 munus
944 849 1020 906 esse,
1044 848 1105 893 non
1127 831 1322 914 potestatem,

192 916 300 982 donari
323 934 406 1000 cam,
430 934 491 980 non
514 916 675 982 dominari.
714 913 808 980 (luins
831 933 884 978 ara
905 915 933 978 si
955 917 987 978 in
1011 915 1095 979 curia
1117 918 1323 1001 reponeretur,

191 1003 354 1086 ingentem
370 1001 550 1067 christianis
574 1001 769 1066 senatoribus
792 999 955 1066 imminere
977 1001 1133 1084 iniuriam,
1157 1021 1226 1066 oum
1250 1021 1324 1086 gen·

191 1089 275 1165 tiles
298 1087 409 1169 quihus
431 1087 554 1169 plateae
570 1085 743 1152 simulacris
759 1087 890 1151 refertae
906 1104 967 1150 non
983 1086 1168 1166 sufficerent,
1191 1087 1225 1152 in
1241 1105 1324 1154 com-

193 1175 284 1239 muni
307 1192 426 1256 qnoque
456 1172 584 1238 consilio
616 1191 811 1237 communem
841 1171 1048 1236 conditionem
1077 1178 1322 1255 aspernarentur.

194 1261 274 1324 Rem
296 1259 360 1323 iam
383 1256 420 1323 ad
443 1259 543 1340 ipsam
567 1257 760 1338 imperatoris
783 1257 875 1322 tidem
898 1257 1068 1340 pertinere,
1093 1258 1146 1340 qui
1168 1257 1251 1322 idern
1274 1278 1325 1325 oo·

195 1345 295 1430 geret,
317 1361 393 1425 quae
408 1343 559 1408 iussisset.
605 1343 646 1408 nt
662 1346 807 1427 quoniam
824 1342 966 1407 Gratiani
988 1343 1166 1426 repentinus
1182 1343 1326 1408 interitus

144 1448 150 1452 ·
196 1429 358 1495 nonnullis
392 1429 555 1495 videbatur
588 1429 673 1493 ortus
706 1447 724 1493 a
757 1429 882 1493 deorum
915 1427 1119 1512 negligentia,
1152 1449 1326 1512 perversam

193 1517 275 1580 hanc
304 1514 573 1580 ratiocinationem
604 1514 721 1580 refellit
748 1513 877 1596 prolatis
905 1513 1036 1579 aliorum
1059 1515 1196 1580 virorum
1224 1534 1326 1580 exem·

193 1602 266 1684 plis,
301 1603 352 1683 qui
375 1601 515 1684 quamvis
538 1602 665 1666 deorum
698 1600 829 1664 numina
861 1617 982 1664 summo
1016 1600 1118 1664 studio
1149 1600 1325 1682 coluissent,

195 1690 301 1752 tamen
316 1686 458 1751 fortunae
471 1686 648 1770 repentinas
664 1686 696 1750 et
707 1685 827 1750 subitas
844 1683 1074 1750 vicissitudines
1086 1704 1147 1750 non
1163 1687 1325 1751 vitassent.

194 1771 394 1855 Pompeium,
429 1790 487 1854 quo
510 1772 678 1837 beatiorem
709 1770 866 1836 neminem
887 1788 1025 1852 unquam
1047 1771 1187 1838 Romana
1209 1772 1328 1854 templa

194 1857 386 1932 habuissent,
422 1857 567 1939 spadonis
600 1875 696 1922 manu
731 1855 924 1934 occubuisse,
958 1854 1074 1939 Cyrum
1102 1857 1214 1924 misero
1238 1860 1327 1922 modo

194 1943 337 2026 periisse,
371 1941 594 2020 Hamilcarem,
630 1942 682 2027 qui
714 1942 779 2006 toto
802 1941 912 2023 proelii
934 1944 1071 2024 tempore
1100 1943 1183 2008 inter
1210 1943 1328 2010 medias

195 2029 277 2093 acies
306 2027 488 2091 dimicantes
517 2027 664 2092 sacrificia
692 2027 828 2104 lecisset,
864 2026 989 2110 cognita
1017 2046 1142 2092 suorum
1176 2029 1261 2093 clade
1294 2030 1327 2093 in

196 2113 282 2194 ipsos
306 2130 381 2192 quos
404 2112 545 2177 adolebat
571 2112 660 2198 ignes
683 2133 715 2178 se
737 2111 965 2195 praecipitasse,
999 2112 1163 2179 Julianum
1187 2113 1327 2196 denique,

196 2197 397 2279 haruspicum
430 2197 585 2280 responsis
614 2199 696 2264 male
729 2197 903 2276 credulum,
938 2197 1111 2264 revertendi
1145 2199 1329 2264 facultatem

194 2281 257 2349 sibi
279 2282 440 2346 ademisse.
487 2282 614 2347 Atiam
637 2284 675 2350 ad
698 2284 791 2348 finem
816 2285 940 2348 tendens
962 2285 1116 2349 asseverat
1137 2283 1327 2362 Ambrosius,

194 2367 420 2433 lacessentibus
443 2387 474 2432 se
497 2369 659 2451 tamquam
687 2387 748 2433 non
770 2368 948 2432 lacessitum
970 2368 1177 2451 respondisse,
1201 2369 1329 2434 relatio-

195 2465 267 2519 nem
289 2451 448 2530 refellisse,
484 2472 544 2518 non
567 2455 818 2536 superstitionem
852 2453 1036 2536 exposuisse.
1081 2455 1240 2520 Portremo
1267 2454 1329 2520 im·

194 2539 368 2624 potatorem
391 2537 550 2620 admonet,
575 2540 611 2604 ut
634 2557 703 2604 oum
726 2539 843 2622 priores
866 2540 1021 2622 principes
1052 2541 1177 2622 patrum
1200 2540 1329 2605 cerimo-

197 2626 264 2690 nias
280 2622 458 2700 ooluissent,
482 2624 666 2690 recentiores
682 2643 744 2689 non
759 2625 959 2701 amavissent,
983 2625 1049 2706 ipse
1063 2626 1232 2708 gentilium
1247 2625 1328 2691 ritus

199 2729 259 2774 non
279 2709 370 2773 modo
393 2726 453 2772 non
477 2714 665 2794 sequeretur,
690 2711 743 2775 sed
765 2710 871 2774 fratris
894 2710 1013 2774 statuta
1036 2715 1182 2776 servaret.

299 2793 475 2876 Symmachi
503 2795 612 2860 relatio
641 2814 712 2858 oum
744 2794 777 2858 in
806 2795 988 2860 consistorio
1020 2795 1169 2878 principis
1201 2796 1330 2861 recitata

200 2876 256 2954 cst,
279 2878 417 2943 omnium
441 2877 561 2945 animos
585 2880 659 2944 adeo
676 2881 853 2957 commovit,
877 2883 913 2945 ut
936 2900 998 2945 una
1021 2901 1091 2946 voco
1115 2882 1142 2944 ei
1158 2882 1329 2965 obsequen-

199 2964 272 3027 dum
295 2983 359 3028 esse
383 2964 605 3034 clamitaretur.
650 2964 709 3030 Sed
732 2965 919 3030 contrarium
943 2967 1067 3049 evenit3
1091 2985 1163 3031 narn
1186 2968 1327 3033 Valenti·

197 3048 316 3131 nianus,
340 3050 487 3131 puerulus
511 3049 660 3115 tredecim
684 3069 844 3130 annornm,
870 3053 919 3116 oui
942 3052 1008 3116 tam
1030 3052 1134 3136 gravis
1150 3070 1259 3118 causae
1280 3054 1330 3119 iu-

197 3133 311 3199 dicium
334 3134 510 3199 habendum
534 3139 624 3212 esset,
649 3136 797 3218 neglectis
820 3137 1007 3220 reliquorum
1037 3138 1199 3202 sententiis
1229 3139 1329 3203 totam

197 3239 261 3283 rem
284 3219 322 3283 ad
338 3222 469 3284 matrem
486 3221 517 3284 et
532 3221 734 3284 Ambrosium
757 3221 880 3286 detulit.
905 3223 1023 3304 Quibus
1046 3223 1223 3288 auctoribus
1240 3241 1330 3290 nemo

196 3303 362 3368 mirabitur
389 3306 507 3370 iactum
536 3325 618 3384 esse,
643 3306 679 3370 ut
706 3309 832 3370 senatus
860 3309 993 3372 Romani
1022 3309 1131 3390 petitio
1159 3329 1212 3392 per
1240 3309 1330 3394 Sym·

197 3390 339 3454 maehum
369 3391 488 3471 prolata
517 3391 691 3458 reiceretur.
738 3391 805 3471 Qua
830 3392 867 3456 de
889 3412 921 3456 re
943 3393 1076 3457 videnda
1104 3395 1152 3458 est
1173 3393 1331 3460 Ambrosii

123 3507 129 3516 ·
198 3493 267 3538 cum
290 3494 336 3556 ep.
360 3476 411 3552 57,
435 3477 465 3550 3,
489 3477 557 3541 tum
579 3478 653 3543 obit.
678 3477 748 3541 Val.
775 3478 830 3542 19:
861 3478 1192 3560 Ι,1111111111111,
1222 3479 1274 3562 qui
1298 3479 1331 3543 in

198 3559 378 3626 consistorio
401 3561 544 3639 aderant,
575 3562 736 3626 christiani
760 3563 877 3644 pariter
904 3564 995 3645 atque
1023 3564 1158 3645 gentiles
1193 3564 1331 3630 dicerent

198 3663 263 3709 esse
285 3645 453 3724 reddenda,
484 3649 567 3712 solus
602 3649 688 3711 velut
715 3647 829 3711 Daniel
863 3648 995 3712 excitato
1024 3650 1057 3713 in
1081 3668 1113 3713 se
1136 3649 1194 3713 Dei
1216 3651 1331 3732 spiritu

198 3729 347 3812 arguebat
361 3729 506 3813 perfidiae
522 3731 722 3808 Christianos,
746 3733 917 3815 gentilibus
940 3733 1085 3798 obviabat
1108 3732 1227 3798 dicens:
1251 3735 1331 3817 quod

196 3814 266 3898 pius
297 3816 393 3882 irater
426 3818 553 3901 eripuit,
590 3818 740 3900 quomodo
770 3835 860 3882 arne
882 3819 998 3899 putatis
1032 3836 1097 3882 esse
1121 3818 1331 3884 reddendum?

195 3919 269 3965 cum
290 3899 331 3998 in·
349 3922 383 3967 so
406 3903 437 3966 et
459 3903 569 3986 religio
585 3904 726 3968 laedatur
749 3905 779 3968 et
796 3903 900 3982 frater,
924 3921 942 3966 a
964 3922 1023 3986 quo
1047 3923 1078 3968 ss
1095 3902 1194 3967 nollet
1216 3905 1331 3987 pietate

197 3992 362 4068 superar1.“

298 4071 407 4136 Talem
422 4071 534 4138 habuit
549 4073 666 4136 exitum
678 4074 787 4156 petitio
801 4073 923 4137 senatus
935 4073 1067 4138 Romani
1078 4073 1166 4139 iussu
1182 4092 1332 4138 asummo

198 4153 285 4220 illius
315 4156 424 4222 aetatis
453 4158 571 4223 oratore
601 4157 716 4222 habita.
762 4159 820 4222 Sed
851 4176 1040 4240 quamquam
1069 4158 1124 4222 ille
1153 4177 1276 4241 operam
1299 4161 1331 4224 et

197 4241 313 4320 oleum,
343 4245 379 4306 ut
410 4242 531 4319 dicunt,
564 4243 656 4326 plane
684 4242 832 4326 perdidit,
862 4243 1021 4326 ingentem
1047 4244 1153 4308 tamen
1183 4245 1332 4310 excitavit

198 4327 280 4410 apud
303 4328 416 4394 alteros
429 4327 677 4408 admirationem,
701 4327 948 4411 indignationem
971 4329 1052 4410 apud
1074 4330 1196 4395 alteros.
1221 4329 1330 4394 Exorti

198 4411 292 4474 etiam
320 4415 393 4478 sunt
419 4414 452 4477 iu
480 4413 615 4477 maxima
641 4415 700 4480 hae
722 4415 898 4479 animorum
921 4414 1060 4479 omnium
1083 4415 1329 4495 conturbatione,

197 4495 249 4577 qui
273 4495 451 4581 Symmachi
474 4501 657 4582 argumenta
685 4499 748 4565 suis
777 4499 950 4564 rationibus
974 4499 1167 4580 refellerent,
1198 4519 1328 4584 quorum
