3214 5012
241 289 340 398 „²⁸

299 500 393 566 quam
414 479 569 546 redditam
592 481 751 558 audimus,
781 479 868 547 velut
891 499 960 546 cum
982 479 1224 548 Valentinianus
1246 481 1272 546 Ι.
1296 500 1316 548 2
1336 479 1427 568 Sym·

297 567 408 634 macho
435 566 485 632 his
514 567 614 632 verbis
641 566 789 632 laudatur
822 565 1171 651 (12222112122212
1209 565 1323 646 ,Sonat
1346 568 1428 650 apud

298 654 330 718 te
352 653 481 718 libertas
502 653 633 732 forensis
657 653 787 736 eloquii,
819 653 1052 737 quamdudum
1075 653 1195 718 exulem
1216 652 1428 718 tribunalibus

297 738 471 805 reddidisti.
515 737 591 802 Ruri
620 739 765 804 emeritus
793 738 930 820 torpetat
958 738 1076 814 orator3
1111 737 1221 821 quibus
1251 735 1428 804 facundiam

299 827 412 891 natura
435 823 569 900 dederat,
593 822 730 888 officium
752 825 798 889 212
821 824 976 907 regebas
1008 821 1054 889 Cf.
1078 821 1383 890 221222122211222,
1406 825 1427 890 2

301 910 407 988 ,Tunc
433 909 569 991 primum
593 907 758 988 (Gratiano
781 909 920 992 septenni
949 907 1086 990 consule)
1116 907 1245 974 forensis
1273 909 1429 974 industria

160 1031 165 1046 ·
298 996 368 1078 lege
390 995 544 1076 quondam
573 995 693 1060 silentii
718 995 886 1078 subiugata
912 995 1027 1060 liberos
1057 993 1160 1062 oculos
1190 993 1228 1058 ad
1256 995 1346 1059 tuum
1368 995 1428 1060 tri-

297 1080 395 1146 bunal
417 1080 522 1146 erexit.
550 1078 628 1145 Cum
651 1079 683 1144 in
706 1079 899 1162 amplissimo
920 1081 1111 1164 magistratu
1133 1079 1257 1145 illustre
1279 1079 1428 1163 quiddam
1451 1099 1464 1108 ‘

298 1167 331 1232 et
353 1166 442 1232 dulce
468 1167 647 1230 resonantia
675 1167 797 1232 decreta
828 1167 976 1244 sancires,
1011 1166 1126 1232 sensim
1148 1163 1358 1232 intelleximus
1388 1167 1428 1232 ad

297 1251 427 1316 honesta
450 1251 553 1316 officia
574 1251 755 1317 facundiam
777 1271 867 1335 posse
888 1257 1053 1318 remeare.“

354 1403 358 1412 ,
400 1335 450 1401 Ad
473 1335 542 1419 ipsa
571 1337 689 1420 scripta
717 1339 924 1418 percensenda
952 1356 1022 1402 cum
1051 1335 1280 1415 devenerimus,
1315 1335 1428 1404 distin·

298 1423 455 1507 guendum
478 1422 601 1488 omnino
625 1421 757 1489 videtur.
795 1423 904 1510 Itaque
926 1423 1063 1504 primurn
1086 1440 1213 1505 agemus

669 1610 709 1678 A.
733 1613 776 1682 de
799 1573 1055 1680 orationibus.

400 1748 579 1834 Antequam
611 1750 645 1815 iu
679 1750 819 1834 singulas
849 1751 1021 1816 accuratius
1050 1747 1259 1832 inquiramus,
1293 1747 1326 1814 id
1348 1750 1428 1832 quod

298 1853 391 1916 supra
420 1835 485 1899 iam
517 1835 681 1918 attigimus
709 1837 768 1901 hoc
794 1854 913 1920 quoque
944 1838 1010 1901 loco
1041 1838 1088 1901 est
1114 1834 1427 1912 commemorandum,

297 1920 405 1986 haberi
432 1920 579 1985 videlicet
606 1922 639 1986 in
669 1923 859 1988 orationibus
889 1922 1069 2004 saepissime
1096 1921 1238 1986 veterum
1267 1919 1428 1984 auctorum

298 2007 383 2072 locos
405 2007 438 2070 in
461 2025 576 2070 novum
598 2027 690 2072 usum
713 2009 928 2074 conformatos.
973 2007 1044 2072 Huc
1065 2008 1189 2088 praeter
1217 2005 1281 2070 2112
1305 2004 1336 2071 id
1359 2025 1428 2090 per-

297 2091 393 2168 tinet,
418 2095 497 2173 qued
520 2091 553 2154 in
575 2091 793 2159 laudllalent.
814 2095 839 2171 1,
862 2094 1060 2159 2012222212
1083 2092 1178 2157 verba
1199 2092 1370 2156 recitantur
1393 2110 1429 2156 ex

297 2175 454 2241 divinia
484 2175 595 2242 Caecil.
626 2178 666 2242 12
694 2178 857 2260 desumpta
886 2181 917 2244 et
949 2179 983 2243 in
1015 2178 1101 2242 laud.
1132 2175 1220 2241 Grat.
1253 2176 1428 2259 9Vergilii

296 2262 382 2327 loeus
404 2263 496 2343 paulo
518 2264 660 2327 mutatus
687 2265 954 2331 commemoratur.
998 2263 1086 2344 Quod
1115 2262 1142 2328 si
1168 2263 1202 2326 in
1224 2261 1429 2342 paucularum

298 2347 472 2412 orationum
505 2348 637 2412 minutis
670 2349 857 2432 fragmentis
890 2351 964 2416 talis
997 2348 1135 2414 imitatio
1168 2345 1347 2412 etiamnunc
1380 2346 1428 2412 di-

299 2432 451 2511 noscitur,
485 2433 636 2516 quantam
665 2453 734 2498 earn
755 2435 851 2500 fuisse
879 2438 1022 2518 putemus
1050 2436 1117 2499 tota
1145 2431 1321 2499 orationum
1348 2431 1440 2499 inte--

298 2536 425 2601 gnarum
448 2519 534 2585 serie.
559 2517 645 2583 Inter
667 2519 830 2598 2222122222,
853 2540 930 2604 quas
954 2520 1158 2604 Symmachus
1179 2518 1301 2598 habuit,
1323 2519 1427 2602 plures

297 2605 371 2668 sunt
392 2603 606 2688 panegyricas,
632 2608 668 2670 de
691 2625 751 2687 quo
774 2625 885 2688 genere
908 2605 1030 2672 dicendi
1046 2606 1139 2670 verba
1162 2603 1314 2688 quaedam
1329 2604 1426 2669 lacere

298 2689 546 2754 concidebatur
579 2690 716 2756 alienum
750 2709 824 2756 esse.
870 2692 1099 2775 Imperatomm
1130 2689 1323 2773 temporibus
1354 2707 1427 2754 usus

298 2775 470 2856 percrebuit
497 2776 647 2857 principes
678 2795 732 2858 per
760 2779 961 2864 panegyricos
990 2775 1156 2854 laudandi,
1191 2775 1279 2840 cuius
1308 2779 1428 2857 generis

296 2860 434 2942 primum
460 2859 553 2943 idque
581 2861 887 2942 praestantissimum
915 2863 1071 2945 exemplar
1099 2861 1196 2927 Plinii
1224 2861 1430 2944 panegyricus
1540 2855 1545 2874 '

297 2945 330 3010 in
353 2945 524 3011 Traianum
546 2946 646 3023 22222,
680 2946 734 3028 qui
762 2949 940 3015 dulcissimo
968 2950 1000 3013 et
1028 2946 1261 3031 elegantissimo
1290 2962 1430 3010 sermone

298 3032 488 3111 conscriptus
512 3031 605 3096 nimis
628 3035 734 3096 tamen
757 3033 874 3099 iamin
897 3034 1107 3100 adulationem
1129 3032 1240 3115 uergit.
1263 3029 1343 3096 Cum
1358 3047 1429 3112 pro-

298 3116 476 3182 cedentibus
510 3119 598 3181 22212
626 3117 766 3200 neglecta
799 3121 884 3185 omni
919 3139 1008 3185 verae
1034 3119 1152 3204 gloriae
1185 3136 1260 3184 cura
1289 3114 1429 3181 adulatio

297 3202 364 3268 2212
386 3221 440 3284 per
460 3201 538 3268 istos
560 3201 762 3286 panegyricos
787 3208 998 3288 appeteretur,
1029 3224 1090 3270 non
1114 3203 1197 3268 facta
1218 3201 1357 3264 illustria
1378 3217 1427 3294 or·

297 3297 379 3364 nare,
403 3305 463 3351 non
486 3307 534 3352 222
555 3288 633 3353 benc
654 3290 685 3353 et
707 3289 829 3356 fortiter
850 3293 956 3376 gestas
977 3289 1114 3361 laudare,
1138 3304 1200 3348 non
1222 3282 1338 3362 ingenii
1361 3299 1427 3344 222-

296 3371 381 3438 22222
404 3372 499 3456 digno
515 3374 677 3456 praeconio
701 3375 864 3455 celebrare,
888 3395 948 3440 non
964 3393 1086 3438 morum
1108 3367 1321 3450 integritatem
1343 3363 1428 3430 iusta
1549 3385 1552 3390 ·

297 3458 526 3540 praedicatione
549 3459 654 3525 efferre
676 3459 710 3524 in
732 3462 837 3525 animo
857 3460 1013 3525 habebant
1036 3456 1186 3531 oratores,
1209 3449 1262 3514 sed
1284 3451 1427 3532 quamvis

296 3562 361 3608 rem
388 3543 438 3608 221
466 3545 599 3610 maxime
629 3545 789 3627 vulgarem
817 3546 847 3608 et
874 3543 1044 3628 ignobilem
1077 3534 1268 3634 quibuslibet
1291 3534 1428 3633 ⁸laudum

297 3627 430 3694 cumulis
453 3648 565 3714 augere
588 3631 764 3696 studebant.
810 3629 891 3709 Quid
914 3627 994 3711 quod
1022 3626 1100 3691 tales
1123 3640 1299 3706 panegyrrcr
1323 3638 1427 3686 coram

197 3737 208 3760 2
297 3711 375 3796 ipsis
401 3715 640 3796 imperatoribus
668 3732 756 3798 saepe
778 3711 1048 3779 vehementissima
1077 3706 1305 3791 uituperatione
1334 3725 1429 3789 quam

296 3797 441 3865 laudibus
479 3801 579 3865 multo
613 3799 804 3882 dignioribus
837 3797 1065 3876 recitabantur,
1104 3794 1154 3861 221
1188 3793 1301 3859 saltem
1335 3789 1427 3858 lemi-

296 3883 427 3949 liaribus
461 3885 684 3968 imperatorum
716 3881 930 3966 praesentibus
964 3880 1239 3965 praelegebautur,
1281 3876 1335 3962 qui
1374 3896 1429 3958 per

296 3968 503 4035 inveteratam
525 3969 619 4050 atque
641 3969 782 4033 innatam
803 3966 1014 4033 adulationem
1040 3966 1156 4032 mentis
1179 3984 1272 4030 sanae
1294 3962 1428 4045 amplius

296 4055 359 4120 fere
381 4075 442 4120 non
467 4055 622 4134 compotes
644 4051 750 4116 laudes
773 4050 952 4136 principum
974 4051 1099 4118 nonnisi
1116 4047 1428 4119 immoderatissimas

296 4139 444 4207 ferebant.
489 4139 597 4219 Neque
631 4137 833 4222 Symmachus
866 4156 885 4202 a
917 4138 984 4220 lege
1017 4139 1074 4203 illa
1107 4139 1200 4222 atque
1234 4151 1356 4210 norma,
1394 4131 1428 4195 in

297 4244 390 4308 qnam
423 4222 638 4290 laudationum
670 4222 804 4290 istarum
837 4226 1000 4310 scriptores
1034 4243 1087 4308 per
1120 4223 1303 4288 diuturnum
1336 4235 1428 4282 usum

296 4310 361 4378 iam
382 4309 599 4392 pervenerant,
632 4309 772 4388 recessit,
803 4311 857 4377 sed
880 4311 960 4393 quod
986 4311 1019 4374 in
1042 4309 1176 4393 reliquos
1199 4304 1291 4372 buius
1314 4301 1427 4368 aetatis

295 4395 552 4480 panegyricorum
575 4395 749 4480 scriptores,
773 4395 856 4463 idem
878 4396 912 4462 in
935 4395 1028 4460 illum
1050 4411 1170 4480 quoque
1192 4387 1284 4456 cadit.
1322 4387 1428 4487 Ipsam

297 4479 472 4546 orationum
494 4498 656 4548 censuram
680 4481 797 4550 acturis
819 4481 947 4549 initium
962 4479 1084 4548 videtur
1099 4475 1276 4543 faciendum
1291 4494 1309 4540 a
1323 4473 1425 4540 laudr-
