3214 5012
1301 285 1344 350 03

215 474 251 536 de
274 474 318 536 eis
346 489 423 556 quae
450 473 623 541 evenissent
650 489 703 553 per
730 468 877 551 epistolas
905 468 1050 537 certiores
1077 469 1224 536 facerent.
1269 469 1346 536 Inda

214 557 304 622 facile
337 574 372 620 ec
406 555 694 640 progrediebantur,
730 555 767 618 ut
794 574 870 636 quas
904 554 1074 620 scriberent
1106 554 1253 638 epistolae
1282 553 1346 618 iam

214 659 274 706 non
297 641 373 706 solis
396 639 505 706 amicis
527 641 559 704 et
580 639 807 717 familiaribus,
836 640 889 704 sed
911 639 1046 704 maximo
1075 639 1266 706 eruditorum
1288 638 1345 704 bc·

213 727 336 791 minum
350 743 477 790 numero
492 725 691 790 destinarent.
722 723 772 788 Ita
794 725 983 803 factumest,
1007 724 1043 788 ut
1063 723 1098 788 in
1120 724 1177 790 hcc
1191 723 1346 790 scribendi

214 829 326 894 genere
348 809 523 876 litterarum
551 811 683 875 formam
717 810 842 875 uncum
875 809 1052 890 retinerent,
1087 808 1205 892 reliqua
1227 827 1261 874 co
1283 811 1347 875 iam

215 895 431 976 componerent
446 894 583 969 consilio,
608 898 644 961 ut
665 895 699 958 in
721 894 928 978 plurimorum
950 912 1062 960 manus
1083 894 1286 992 pervenirent,
1310 913 1346 958 ex

215 978 414 1063 epistolarum
444 980 544 1046 forma
574 998 644 1046 vero
672 979 734 1045 sibi
760 979 937 1045 libertatem
971 977 1094 1046 dicendi
1126 980 1277 1063 paterent,
1312 980 1348 1044 ut

214 1063 303 1148 quasi
317 1064 512 1130 familiariter
529 1084 599 1131 cum
615 1064 823 1130 familiaribus
837 1067 963 1147 agerent
978 1065 1120 1131 liberiore
1136 1063 1267 1148 quodam
1283 1083 1348 1128 ser-

213 1169 302 1216 more
325 1151 475 1216 derebus
503 1150 636 1232 publicis
659 1151 853 1216 dissererent.
898 1151 1093 1232 Quamquam
1126 1149 1347 1234 imperatorum

212 1235 315 1300 aetate
337 1253 390 1318 per
411 1236 480 1302 ecta
501 1235 558 1302 illa
574 1236 694 1314 diurna,
718 1254 795 1320 quae
815 1238 878 1302 iam
901 1234 949 1299 edi
966 1236 1074 1319 coepta
1090 1237 1171 1312 srrnt,
1195 1231 1347 1302 scribendi

212 1321 275 1386 ista
297 1319 441 1386 incitatio
468 1323 500 1388 et
522 1321 745 1404 quodammodo
773 1319 937 1386 necessitas
959 1320 1194 1402 aliquantulum
1227 1320 1347 1385 remota

214 1407 274 1483 cst,
303 1407 420 1472 mansit
443 1407 548 1472 umen
570 1406 704 1472 studium
728 1408 765 1472 de
787 1405 894 1483 rebus,
919 1423 996 1486 quae
1019 1405 1067 1471 vel
1096 1405 1218 1488 publiea
1240 1403 1292 1469 vel
1313 1403 1347 1468 in

214 1491 328 1556 littaris
364 1491 565 1558 notabiliores
596 1492 788 1568 videbantur,
823 1508 877 1574 per
909 1491 1057 1573 epistolas
1086 1491 1207 1576 agendi.
1253 1489 1344 1569 Quid,

214 1577 295 1658 quod
310 1595 345 1640 eo
367 1596 462 1658 usque
478 1581 660 1659 perventum
676 1578 732 1654 est,
756 1579 792 1641 ut
806 1575 892 1658 ipsae
908 1575 1101 1657 quaestiones
1117 1575 1348 1659 philosophicae

214 1662 273 1726 hac
296 1661 395 1726 forma
416 1663 627 1740 induerentur,
650 1681 686 1728 cx
709 1679 768 1744 quo
790 1678 903 1743 genere
925 1661 958 1724 h.
981 1662 1102 1728 Annaei
1125 1661 1257 1726 Senecae
1280 1661 1347 1742 epi·

214 1746 311 1810 stolas
333 1765 398 1812 esse
430 1747 558 1812 eneae.
603 1747 655 1812 Ab
690 1749 747 1812 hac
781 1745 935 1811 scribendi
969 1745 1188 1812 consuetudine
1211 1748 1348 1812 multum

214 1831 360 1898 differunt
375 1830 475 1898 Plinii
497 1835 653 1914 epistolae,
678 1851 754 1914 quas
777 1831 832 1896 ille
854 1829 894 1896 ad
915 1831 1031 1898 emices
1049 1833 1174 1914 scripsit
1196 1829 1234 1898 de
1256 1831 1347 1896 rebus

216 1917 354 1997 publicis,
377 1917 520 1998 privetis,
543 1919 730 1998 domesticis,
753 1917 889 2000 adquae
913 1917 1079 1984 exerendas
1104 1935 1259 1984 summam
1275 1934 1348 1982 con·

214 2000 290 2064 tulit
311 2002 510 2084 diligentiam
531 2005 564 2067 et
585 2004 693 2082 artem,
715 2004 762 2068 ita
783 2006 818 2066 ut
840 2019 965 2085 prorsus
980 2020 1016 2065 cx
1039 2001 1199 2085 scriptoris
1222 2006 1347 2068 senten·

216 2085 262 2150 tia
278 2084 372 2150 etiam
395 2105 476 2151 nunc
490 2086 660 2152 habeantur
675 2086 925 2172 elegantissimae
945 2085 1115 2152 latinitatis
1137 2087 1345 2152 monumenta.

98 2169 107 2182 '
216 2170 334 2234 Idcirco
358 2170 412 2248 cis,
448 2171 501 2254 qui
535 2171 707 2238 suaviorem
741 2189 915 2238 sermonem
943 2173 1140 2254 appetebant,
1174 2172 1347 2256 antiquitus

213 2255 277 2319 iam
300 2254 468 2320 imitandus
490 2259 726 2340 proponebatur,
751 2277 812 2339 que
834 2256 872 2321 de
893 2276 926 2322 re
944 2257 1040 2341 digne
1062 2261 1110 2323 est
1133 2276 1210 2341 quae
1230 2257 1347 2340 relega·

213 2343 265 2404 tur
281 2338 401 2406 Sidonii
416 2340 609 2422 Apollinaris
633 2362 678 2423 cp.
697 2345 725 2417 1,
744 2345 770 2420 1,
793 2341 874 2406 unde
889 2359 1066 2426 cognoscas,
1083 2343 1157 2427 quid
1172 2342 1228 2410 illa
1243 2344 1345 2408 aetate

213 2426 251 2491 de
273 2425 501 2508 exemplaribus
526 2429 718 2505 censuerint,
746 2446 823 2510 quae
846 2427 879 2490 in
901 2430 968 2494 arte
997 2426 1229 2494 scribendarum
1259 2425 1347 2492 litte-

213 2527 320 2576 rarum
342 2510 543 2576 imitarentur
564 2511 657 2593 atque
678 2512 903 2594 exprimerent:
929 2512 1010 2594 ,Diu
1031 2514 1199 2597 praecipis,
1223 2512 1347 2578 domine

213 2596 320 2673 maior,
345 2614 468 2662 summa
489 2597 638 2662 suadendi
661 2598 860 2680 auctoritate,
890 2598 973 2663 sicut
994 2617 1027 2663 cs
1049 2599 1082 2664 in
1104 2599 1169 2678 his,
1192 2616 1270 2681 quae
1292 2597 1346 2663 de·

213 2681 437 2760 liberabuntur,
471 2681 758 2763 consiliosissimus,
793 2685 829 2747 ut
852 2683 879 2748 si
901 2701 979 2766 quas
1006 2684 1130 2750 litterae
1151 2683 1245 2767 paulo
1268 2682 1348 2768 poli·

214 2766 308 2830 tiores
323 2767 410 2832 varia
431 2767 588 2832 occasione
607 2762 772 2846 fluxerunt,
795 2768 887 2849 prout
907 2787 957 2834 eas
981 2787 1081 2848 musa,
1126 2787 1244 2847 creona,
1267 2771 1347 2834 tem·

213 2869 271 2930 pus
294 2851 415 2934 elicuit,
444 2871 550 2917 omnes
572 2853 747 2918 retractatis
769 2852 997 2934 exemplaribus
1027 2788 1256 2938 enucfeatisque
1286 2872 1348 2917 unc

215 2936 373 3001 volumine
395 2937 562 3012 includam,
585 2937 694 3019 Quinti
715 2938 893 3020 Symmachi
916 2939 1149 3017 rotunditatem,
1173 2939 1228 3004 Oai
1249 2937 1346 3004 Plinii

213 3019 411 3102 disciplinam
433 3023 706 3104 maturitatemque
729 3022 871 3106 vestigiis
898 3025 1161 3109 praesumptuosis
1190 3023 1349 3090 insecutu-

214 3123 276 3168 rus.
318 3107 402 3172 Nam
431 3107 468 3172 de
496 3109 601 3172 Marco
624 3107 728 3172 Tullio
761 3107 852 3174 silere
886 3109 919 3172 in
948 3109 1022 3174 stilo
1051 3109 1208 3194 epistolari
1236 3105 1348 3175 melius

214 3190 299 3270 puto,
322 3209 491 3271 quemnec
505 3193 651 3258 Ticianus
674 3193 758 3257 totns
780 3193 838 3257 sub
862 3193 1040 3260 nominibus
1063 3195 1234 3261 illustrium
1256 3193 1347 3260 femi-

214 3291 324 3340 narum
340 3276 433 3359 digna
452 3278 658 3344 similitudine
674 3277 852 3360 expressit.“
877 3279 945 3342 Iam
961 3277 1012 3346 hie
1028 3280 1198 3346 notandum
1214 3279 1346 3356 videtur,

214 3358 375 3426 Sidonium
389 3361 603 3444 Apollinarem
627 3371 722 3428 unum
738 3362 830 3428 huius
854 3363 966 3428 aetatis
989 3384 1056 3430 csse
1078 3365 1271 3447 scriptorem,
1292 3365 1344 3448 qui

213 3446 414 3526 epistolarum
436 3447 613 3531 Symmachi
634 3449 825 3515 mentionem
848 3447 962 3513 fecerit.

314 3532 364 3596 Ad
380 3550 456 3614 quas
471 3552 542 3598 cum
556 3533 640 3616 ipsas
655 3537 717 3601 iam
733 3533 954 3614 devenerimus,
971 3554 1135 3602 numerum
1150 3554 1256 3602 earum
1273 3553 1346 3618 cog-

213 3615 368 3682 noscimus
391 3637 458 3682 cssc
481 3619 559 3696 964,
582 3622 715 3700 quaein
738 3617 843 3684 decern
870 3617 967 3684 libros
991 3617 1184 3702 distributae,
1207 3621 1235 3686 si
1257 3639 1346 3686 exce·

212 3702 293 3779 peris
316 3721 384 3784 epp.
410 3705 438 3782 l,
461 3705 482 3768 2
504 3704 612 3785 patris,
638 3706 666 3783 l,
689 3704 899 3784 calumnii,
925 3705 974 3783 10,
1001 3707 1042 3771 72
1064 3704 1204 3784 Honorii,
1231 3707 1280 3783 10,
1304 3705 1345 3770 74

211 3787 474 3869 presbyterorum,
507 3789 556 3867 10,
581 3789 784 3868 75chorii,
816 3787 865 3867 10,
889 3789 930 3854 tl
953 3789 1092 3870 Honorii,
1129 3791 1169 3858 10
1203 3790 1243 3855 79
1266 3789 1346 3854 Con·

211 3871 331 3969 stantii,
363 3873 413 3951 10,
443 3874 486 3939 80
507 3873 647 3952 Honorii,
680 3875 729 3952 10,
759 3874 800 3941 82
822 3871 963 3954 Honorii,
993 3894 1098 3943 omnes
1121 3894 1140 3942 a
1161 3840 1346 3960 symmacho

211 3957 346 4038 scriptae
367 3963 451 4023 sunt.

313 4041 506 4128 Quicumque
535 4045 673 4127 amplam
701 4048 732 4110 et
754 4046 874 4112 vastam
902 4046 1104 4128 epistolarum
1133 4045 1252 4129 copiam
1276 4063 1346 4110 con-

211 4125 405 4207 sideraverit,
433 4147 564 4212 quarum
586 4131 685 4194 maior
706 4149 776 4212 pars
799 4131 838 4194 ad
860 4149 910 4195 ecs
934 4131 1015 4196 viros
1037 4133 1110 4198 date
1130 4137 1193 4211 est,
1217 4131 1270 4214 qui
1292 4133 1348 4195 aut

210 4211 339 4276 honores
363 4213 395 4278 in
410 4215 539 4282 civitate
553 4217 707 4299 principes
724 4215 915 4294 obtinebant,
939 4218 994 4281 aut
1017 4237 1087 4284 cum
1109 4217 1226 4301 privati
1241 4221 1345 4282 essent

211 4295 389 4367 litterarum
422 4301 535 4366 studiis
558 4302 590 4366 et
610 4300 754 4366 laudibus
777 4300 826 4366 rel
848 4301 910 4366 alio
932 4303 1065 4382 quodam
1098 4305 1189 4368 modo
1213 4302 1343 4368 excellc-

210 4381 297 4462 bant,
321 4403 472 4469 magnum
495 4387 576 4452 certe
598 4387 670 4452 hinc
693 4387 795 4467 speret
817 4388 1038 4469 proventurum
1062 4386 1289 4454 adminiculum
1305 4390 1343 4452 ad

211 4471 454 4546 pernoscendam
486 4473 659 4553 temporum
688 4471 814 4537 illorum
841 4489 997 4537 summam
1020 4472 1212 4538 renotatam.
1258 4469 1346 4550 Quor

1229 4580 1245 4626 3

653 4806 702 4842 Ἀ
