3214 5012
1325 237 1366 302 39

238 435 334 498 rimas
348 427 473 514 prorsus
489 429 736 511 deperderentur,
759 426 907 509 epistolae
921 426 1130 511 ignobiliores,
1155 419 1230 509 quas
1247 445 1285 491 ne
1300 426 1367 509 ipse

238 518 362 602 quidem
378 516 509 599 scriptor
523 513 677 594 edidisset,
702 517 749 578 tot
772 517 978 578 servarentur.
1022 512 1122 579 Causa
1144 511 1223 576 mihi
1246 511 1367 578 videtur

237 604 349 686 duplex
371 621 447 680 esse,
471 601 578 679 altera,
602 601 681 682 quod
703 599 838 676 litterae,
861 617 931 663 oum
957 599 1051 663 multi
1073 599 1117 662 eis
1140 598 1308 674 uterentur,
1332 598 1367 662 ut

238 706 410 755 sermonem
433 706 522 751 suum
546 685 592 750 ita
614 684 799 767 expolirent,
834 683 955 766 saepius
977 685 1009 749 et
1032 683 1204 748 accuratius
1232 683 1365 765 descrip-

238 776 288 839 tae
310 774 392 851 sunt,
416 772 523 850 altera,
548 770 628 853 quod
643 770 723 834 inter
738 769 884 852 epistolas
907 769 982 835 libri
997 768 1108 834 decimi
1130 767 1367 833 habeturetiam

239 857 347 942 petitio
369 877 424 940 pro
447 875 500 921 ara
522 856 688 933 Victoriae,
712 873 790 937 quae
814 859 888 921 adeo
904 854 1059 919 celebrata
1081 854 1113 918 st
1133 853 1275 918 lectitata
1290 853 1366 931 erat,

238 945 273 1008 ut
294 943 421 1027 reliquis
444 944 540 1008 etiam
555 939 696 1024 epistolis
719 945 800 1005 esset
823 941 1048 1022 quodammodo
1070 939 1273 1017 firmamento,
1297 957 1367 1004 cum

237 1030 400 1106 orationes,
429 1046 507 1111 quae
530 1045 627 1110 neque
649 1044 668 1089 a
689 1024 863 1091 rhetoribus
886 1025 1054 1090 imitandae
1075 1025 1316 1106 proponerentur
1337 1025 1367 1088 et

237 1116 404 1264 ssxtemplarti
430 1131 503 1195 prae
534 1112 644 1262 cogeris
672 1112 834 1262 tansstopere
848 1109 1006 1260 teminenti
1029 1110 1180 1189 carerent,
1210 1110 1366 1174 communi

252 1217 268 1263 o
306 1217 366 1264 sorr
404 1217 491 1263 orum
514 1216 596 1263 sore
618 1215 703 1262 corre
740 1216 775 1261 ae
797 1215 871 1260 srn.

340 1219 459 1362 agerat,
483 1285 519 1348 ut
541 1301 615 1347 num
639 1217 843 1364 aliapquoque
866 1280 1070 1366 Symmachus
1092 1280 1249 1364 scripserit
1275 1297 1366 1362 quae·
1408 1355 1411 1360 ,

240 1388 362 1448 ramus,
394 1388 455 1451 qua
477 1369 514 1434 de
537 1387 569 1432 re
591 1368 721 1432 hahetur
744 1366 824 1448 apud
844 1365 1048 1446 Jornandem,
1079 1365 1229 1431 derebus
1252 1364 1367 1430 Geticis

237 1473 261 1517 c.
286 1453 341 1519 15:
370 1455 431 1532 ,llx
460 1472 565 1518 eorum
588 1453 725 1534 reliquiis
756 1452 818 1517 fuit
838 1453 870 1516 et
892 1451 1078 1516 Maximinus
1108 1450 1276 1533 imperator
1297 1452 1367 1532 post

238 1539 446 1603 Alexandrum
459 1540 640 1616 Mammeos,
656 1541 691 1603 ut
707 1536 784 1602 dicit
795 1535 998 1620 Symmachus
1010 1537 1042 1601 in
1057 1536 1165 1620 quinto
1181 1554 1253 1600 suae
1268 1534 1367 1600 histo-

238 1622 302 1686 riae
324 1623 432 1686 libro.“
479 1624 594 1689 Narrat
617 1624 658 1687 ibi
674 1621 847 1687 Jornandes
864 1618 1041 1706 Symmachi
1056 1620 1217 1686 historiam
1233 1620 1366 1698 secutus,

238 1725 371 1790 quonam
394 1709 483 1772 modo
503 1709 702 1786 Maximinus,
726 1726 915 1790 quamquam
937 1706 1044 1771 infimo
1066 1707 1132 1772 loco
1156 1708 1258 1785 natus,
1281 1725 1368 1772 sum·

239 1810 306 1857 mos
318 1796 424 1858 tamen
440 1794 569 1860 honores
585 1794 715 1878 adeptus
738 1793 780 1858 sit
795 1793 943 1875 additque
957 1795 991 1858 in
1005 1792 1066 1857 fine
1081 1791 1218 1858 eiusdem
1240 1791 1366 1875 capitis:

241 1881 341 1962 ,quod
363 1897 418 1942 uos
442 1879 554 1944 idcirco
576 1879 649 1942 huic
671 1878 817 1962 opusculo
840 1878 876 1942 de
892 1878 1070 1962 Symmachi
1092 1877 1222 1960 historia
1241 1879 1367 1943 mutua·

239 1963 351 2042 vimus,
375 1965 525 2046 quatenus
548 1964 682 2047 gentem,
706 1964 786 2028 undo
801 1963 932 2046 agimus,
958 1963 1191 2028 ostenderemus
1219 1963 1259 2028 ad
1279 1963 1367 2048 regni

237 2048 370 2113 Romani
393 2049 555 2133 fastigium
576 2067 673 2131 usque
696 2049 846 2114 uenisse.“

341 2132 417 2198 (lum
446 2153 516 2200 vero
549 2134 641 2199 huius
672 2135 856 2199 narrationis
890 2138 1046 2198 auctorem
1074 2133 1172 2198 alium
1198 2133 1366 2199 habeamus

236 2216 437 2368 {rullumhad
459 2239 622 2302 quemnam
647 2219 868 2302 Symmachum
891 2219 1051 2298 referatur,
1075 2219 1226 2284 incertum
1248 2219 1297 2283 est
1318 2238 1366 2284 re·

248 2321 363 2385 unquen
387 2323 449 2368 um.

543 2507 576 2576 ν.
602 2507 646 2575 oe
669 2472 857 2592 symmach
882 2508 1053 2578 retrectare.

340 2647 377 2708 ln
404 2649 541 2710 extrema
568 2646 786 2712 dissertatione
809 2646 901 2710 verba
931 2649 1079 2728 quaedam
1108 2647 1206 2712 lacere
1233 2647 1271 2711 de
1292 2648 1366 2712 lati-

238 2731 354 2806 nitate,
390 2748 450 2811 qua
472 2749 545 2795 usus
574 2733 623 2796 est
651 2731 869 2797 celeberrimus
900 2731 988 2796 illius
1015 2732 1127 2797 aetatis
1150 2733 1269 2810 orator,
1303 2749 1365 2796 non

237 2815 437 2895 disphcebat,
472 2833 531 2896 qua
563 2816 598 2879 in
626 2816 806 2898 quaestione
839 2816 1096 2898 distinguendum
1131 2817 1252 2883 videtur
1284 2818 1367 2882 inter

236 2899 390 2965 orationes
413 2903 444 2964 et
467 2900 623 2983 epistolas.
648 2902 748 2985 Supra
770 2902 855 2966 enim
877 2901 941 2965 iam
962 2904 1173 2980 monebamus,
1196 2902 1365 2986 imaginem

236 2985 351 3050 summi
374 2984 459 3050 illius
483 2985 556 3064 viri,
592 3006 687 3069 quam
710 2988 887 3053 etiamnunc
914 2987 1004 3053 nobis
1031 2987 1176 3071 effingere
1202 3005 1366 3072 possumus

236 3069 404 3154 diligenter
436 3071 639 3136 consideratis
668 3074 789 3138 mutilis
819 3073 994 3138 orationum
1022 3073 1208 3157 fragmentis
1236 3091 1364 3156 magno-

234 3174 306 3240 pere
328 3156 444 3221 distare
467 3157 505 3218 ab
534 3155 655 3219 eximiis
678 3157 837 3235 laudibus,
871 3159 984 3241 quihus
1011 3159 1050 3223 ab
1078 3160 1258 3241 aequalibus
1285 3159 1365 3224 cels-

234 3240 383 3306 brabatur
417 3239 569 3304 omnibus.
613 3241 696 3305 Nam
729 3241 869 3306 Tulliani
901 3243 1007 3308 mellis
1040 3244 1234 3323 facundiam,
1272 3263 1365 3327 quam

234 3324 437 3408 Symmachus
466 3325 549 3390 tanti
571 3324 682 3390 habuit
710 3346 890 3410 semperque
920 3327 1106 3393 imitandam
1133 3330 1308 3413 proposuit,
1331 3331 1365 3394 in

234 3411 352 3560 titt?
383 3409 650 3561 attrabatur
665 3414 1365 3567 rt,ttlislrtaitttrdtbdtt

233 3515 437 3647 festivitatlem
459 3584 490 3646 et
512 3581 580 3646 arte
593 3515 755 3648 gelxculligm
777 3583 900 3650 dicendi
923 3548 1112 3669 elegantiam
1134 3586 1257 3652 utinam
1279 3607 1364 3653 asse·

233 3667 323 3732 cutus
345 3667 435 3731 esset.
479 3664 540 3731 Sed
563 3684 633 3731 cum
656 3668 759 3750 quiuis
781 3669 914 3753 scriptor
937 3689 997 3736 non
1019 3671 1057 3735 ab
1080 3670 1167 3734 omni
1188 3672 1364 3755 temporum

233 3752 443 3817 coniunctione
476 3752 634 3817 seiunctus
663 3752 706 3818 sit
740 3753 931 3833 metiendus,
965 3754 1019 3820 sed
1046 3773 1117 3820 cum
1144 3757 1222 3838 ipsis
1251 3776 1363 3840 acqua·

233 3837 316 3902 libus
339 3836 471 3902 collatus
499 3856 535 3901 ex
561 3856 617 3902 sua
638 3839 739 3904 aetate
760 3839 872 3905 debeat
893 3840 1069 3920 aestimari,
1103 3842 1136 3906 id
1163 3843 1198 3907 in
1220 3842 1362 3926 Symma-

234 3923 324 3987 chum
355 3921 525 4005 opportune
558 3923 644 3988 cadit
678 3924 766 4009 eique
798 3945 946 4011 magnam
975 3927 1192 3993 auctoritatem
1225 3929 1362 4010 alioquin

234 4008 410 4158 ggganglaaff
432 4009 515 4158 cariffi
535 4009 683 4157 {astituit
721 4011 851 4077 Atiam
875 4014 1088 4163 grotiuuculifq
1100 4012 1362 4163 facilatngglectis

299 4113 310 4158 1
434 4112 450 4156 e
516 4113 635 4159 oerum
664 4113 827 4162 censuram
856 4117 1012 4164 aeamus.
1089 4117 1140 4162 am
1168 4117 1189 4163 u
1247 4117 1360 4177 accam,

231 4113 503 4260 quodpiamilialiis
532 4179 709 4245 bttcrarum
739 4199 813 4247 usus
842 4185 873 4248 et
903 4187 1155 4266 argumentorum
1183 4184 1306 4250 exilitas
1328 4184 1361 4250 id

232 4283 336 4330 secum
359 4263 438 4327 ferre
461 4264 550 4342 solet,
572 4266 609 4330 ut
631 4284 731 4331 sermo
754 4267 962 4353 negligentius
985 4270 1210 4352 quodammodo
1224 4270 1256 4334 et
1278 4271 1361 4336 solu-

233 4347 297 4444 tius
325 4349 468 4413 decurrat
496 4350 528 4412 et
560 4367 650 4432 saepe
677 4370 746 4417 earo
779 4353 841 4417 sihi
868 4356 975 4437 poscat
1007 4353 1182 4433 licentiam,
1214 4375 1292 4439 quae
1322 4357 1361 4421 ab

233 4433 303 4497 ahis
325 4433 545 4515 scriptionibus
565 4435 629 4500 iam
644 4439 768 4519 propter
783 4442 1036 4521 argumentorum
1051 4440 1240 4524 gravitatem
1255 4442 1361 4506 abesse
