3214 5012
1220 345 1327 454 '19

195 546 300 615 votiva
323 547 381 622 est,
406 560 495 608 nemo
518 539 680 607 colendam
704 541 805 624 neget,
828 555 923 622 quam
945 535 1109 622 profitetur
1124 533 1325 618 optandam.“

194 631 424 702 Ornamentum
454 631 535 693 certe
568 625 671 692 curiae
701 626 797 690 fuisse
829 622 1077 706 relinquendum.
1126 621 1324 703 „Praestato“

193 717 298 804 pergit
323 733 392 796 „oro
416 732 485 792 vos,
517 715 554 778 nt
581 731 617 777 ea
645 729 722 793 quac
748 709 835 792 pueri
859 712 1051 791 suscepimus
1081 727 1169 774 senes
1196 707 1329 792 posteris

195 803 418 886 relinquamus.
442 798 681 864 Consuetudiuis
710 815 796 863 amor
818 813 949 880 magnus
979 798 1055 859 est.“
1092 795 1131 858 Et
1154 791 1329 858 Constantii

196 889 314 955 factum
337 904 398 952 nou
422 885 476 949 diu
498 883 632 950 stetisse.
680 883 830 960 Ubinam,
865 899 918 948 ara
946 881 1085 957 sublata,
1120 880 1153 943 in
1183 879 1267 962 leges
1299 881 1329 941 et

198 975 292 1040 verba
323 973 548 1054 imperatorum
579 970 740 1034 iurarent?
779 969 875 1032 Aram
909 966 997 1031 illam
1031 964 1119 1049 quasi
1153 963 1330 1030 concordiae

198 1059 355 1124 vinculum
373 1057 489 1122 arctius
505 1055 728 1137 quodammodo
747 1053 840 1118 tidem
856 1051 996 1118 omnium
1018 1051 1221 1134 adstringere,
1243 1067 1329 1113 sum·

197 1161 341 1226 mamque
363 1141 579 1206 auctoritatem
603 1141 729 1204 senatus
761 1137 926 1203 sententiis
958 1136 1030 1202 inde
1058 1136 1215 1212 accedere,
1249 1134 1330 1216 qnod

198 1231 271 1295 ordo
295 1228 384 1310 quasi
412 1225 533 1292 iuratus
563 1226 737 1291 decerneret
764 1224 878 1289 omnia.
925 1221 1100 1288 Constantii
1127 1221 1247 1286 factum
1270 1236 1330 1284 nou

198 1334 264 1382 esse
291 1313 416 1396 quidem
444 1311 636 1396 negandum,
671 1311 725 1375 sed
753 1326 830 1392 quae
859 1309 922 1374 alia
944 1307 1000 1374 ille
1022 1307 1161 1390 plurima
1182 1304 1331 1392 gessisset

198 1399 421 1477 aemularetur,
456 1397 509 1479 qui
538 1414 697 1480 nunquam
726 1397 808 1460 certe
838 1395 902 1458 tale
925 1395 1091 1477 quicquam
1115 1391 1330 1466 commisisset,

197 1487 223 1552 si
245 1486 323 1550 alius
346 1485 410 1550 iam
434 1486 524 1548 autea
547 1484 584 1546 de
607 1481 657 1545 via
680 1482 712 1546 et
735 1480 953 1545 consuetudine
974 1480 1126 1543 maiorum
1148 1477 1329 1543 deflexisset.

198 1573 238 1638 nt
260 1589 325 1636 esse
347 1571 444 1647 certe,
467 1585 546 1652 quae
568 1567 746 1630 imitatione
769 1565 863 1648 digna
884 1565 1021 1647 iecisset,
1052 1563 1104 1646 qui
1127 1563 1172 1628 nil
1195 1581 1210 1626 e
1233 1561 1332 1646 privi-

199 1656 289 1740 lcgiis
313 1673 470 1720 sacrarum
492 1653 652 1738 virgiuum
675 1651 893 1729 deminuisset,
926 1651 1166 1715 sacerdotiorum
1190 1646 1333 1729 sumptui

199 1759 258 1807 uon
287 1740 487 1824 pepercisset,
521 1738 587 1822 ipse
615 1737 724 1801 urbem
754 1738 914 1801 aeternam
936 1734 1078 1812 visisset,
1113 1734 1226 1799 senatu
1254 1732 1332 1797 duce

200 1826 329 1892 delubra
352 1825 584 1910 perlustrasset,
614 1827 741 1888 deorum
765 1821 891 1886 nomina
914 1821 946 1885 in
969 1819 1100 1886 summis
1123 1819 1260 1904 fastigiis
1283 1819 1332 1882 in·

199 1913 314 1994 scripta
336 1913 472 1994 legisset,
496 1909 685 1992 templorum
708 1906 843 1992 origines
865 1908 1082 1987 percunctatus
1099 1905 1332 1986 conditoresque

199 1997 332 2062 miratus
362 1999 456 2070 esset,
490 1995 522 2058 et
554 2013 624 2058 cum
653 1993 732 2058 alias
766 1991 930 2076 religiones
959 1992 1025 2074 ipse
1053 1998 1232 2074 sequeretur
1258 1990 1332 2054 illas

201 2086 307 2145 tamen
330 2079 458 2160 imperio
481 2079 642 2144 servasset.
688 2078 733 2142 At
759 2077 825 2142 iam
846 2077 1019 2143 utilitatem
1043 2094 1160 2162 quoque
1183 2075 1332 2141 accedere.

202 2165 278 2230 Cum
303 2165 386 2228 enim
408 2163 487 2228 ratio
510 2164 609 2228 omnis
632 2163 761 2228 obscura
782 2165 873 2239 essct,
896 2164 933 2228 de
956 2163 1106 2227 memoria
1122 2165 1215 2244 atque
1231 2179 1333 2225 rernm

201 2253 405 2316 secundarum
427 2247 619 2314 documentis
648 2248 856 2332 cognitionem
885 2249 1048 2313 numinum
1077 2248 1195 2324 venire,
1229 2247 1334 2327 itaque

200 2334 360 2418 roligionis
383 2334 603 2398 auctoritatem
626 2335 736 2398 multis
758 2334 890 2398 sacculis
913 2333 1076 2415 probatam
1098 2337 1129 2396 et
1151 2349 1169 2394 a
1190 2331 1334 2414 patribus

199 2421 355 2502 receptam
385 2438 451 2483 osse
480 2417 672 2485 servandam.
717 2419 757 2482 Et
787 2424 821 2484 ut
851 2417 1096 2484 misericordiam
1124 2435 1158 2482 eo
1187 2417 1335 2482 maiorem

200 2507 351 2581 moveret,
382 2507 485 2569 orator
507 2504 638 2568 Romam
660 2504 761 2585 ipsam
783 2503 816 2568 in
837 2503 975 2569 medium
1002 2502 1145 2586 producit
1171 2507 1264 2587 atquc
1286 2502 1332 2567 lo-

201 2593 346 2672 quentem
369 2591 459 2655 iacit:
498 2587 636 2670 ,Optimi
658 2589 827 2671 principes,
858 2594 960 2672 patres
983 2591 1117 2672 patriae,
1151 2587 1333 2652 reveremini

201 2695 297 2740 annos
325 2693 424 2754 meos,
458 2673 492 2738 in
521 2691 595 2755 quos
622 2693 672 2738 me
703 2674 772 2756 pins
806 2675 885 2739 ritus
916 2673 1058 2752 adduxit,
1092 2678 1128 2740 ut
1156 2674 1226 2738 utar
1255 2673 1332 2738 ceri-

202 2759 316 2824 moniis
339 2761 447 2838 avitis,
479 2777 577 2843 neque
607 2759 691 2822 enim
718 2759 866 2841 poenitet.
906 2760 1020 2825 Vivam
1042 2778 1127 2825 more
1152 2778 1237 2835 meo,
1261 2758 1334 2840 quia

203 2843 303 2908 libera
330 2861 409 2908 sum.
454 2845 514 2910 Hie
544 2843 645 2908 cultus
673 2845 705 2907 in
735 2845 818 2928 leges
846 2865 931 2910 meas
957 2847 1063 2910 orbem
1091 2844 1226 2927 redegit,
1261 2843 1336 2908 haec

204 2947 290 2993 sacra
311 2929 521 2995 Hannibalem
544 2949 562 2994 a
584 2928 756 3007 moenibus,
780 2929 968 3012 aOapitolio
984 2931 1119 2996 Senones
1141 2929 1332 3010 repulerunt.

203 3016 253 3079 Ad
281 3013 338 3079 hoc
366 3033 424 3097 ego
451 3019 575 3080 servata
597 3033 681 3093 snm,
716 3017 751 3079 ut
780 3015 931 3098 longaeva
956 3016 1171 3100 reprehendar.
1215 3013 1333 3095 Videre,

204 3100 293 3182 quale
315 3100 372 3177 sit,
403 3099 483 3182 quod
506 3099 733 3164 instituendum
761 3102 897 3182 putatur.
945 3101 1019 3167 Sera
1041 3105 1145 3166 tamen
1175 3103 1335 3165 3130313-

204 3183 334 3249 meliosa
356 3190 403 3250 est
433 3184 607 3250 emendatio
637 3186 834 3250 senectutis.“
883 3187 993 3270 Itaque
1021 3205 1128 3268 pacem
1159 3188 1248 3269 rogat
1276 3185 1335 3249 diis

202 3269 326 3352 patriis,
366 3269 426 3336 diis
460 3269 660 3353 indigetibus.
709 3269 847 3353 Cumque
880 3272 986 3336 eadem
1021 3290 1126 3337 omnes
1160 3272 1336 3354 spectarent

203 3356 297 3434 astra,
320 3355 440 3420 coelum
463 3355 606 3421 omnibus
629 3373 790 3419 commuue
814 3358 896 3420 esset
911 3357 1077 3440 eodemque
1092 3375 1197 3422 omnes
1219 3357 1336 3420 mundo

203 3439 451 3519 involverentur,
486 3441 547 3518 nil,
582 3439 699 3524 inquit,
733 3443 896 3520 interesse,
931 3460 993 3524 qua
1015 3444 1144 3525 quisque
1170 3443 1336 3524 prudentia

204 3541 311 3590 verum
333 3525 490 3608 inquirat,
513 3543 574 3591 uuo
597 3525 681 3592 enim
703 3525 814 3590 itinere
836 3545 896 3591 non
918 3545 1008 3610 posse
1031 3529 1186 3610 perveniri
1208 3527 1247 3590 ad
1269 3526 1335 3590 tam

203 3610 318 3693 grande
340 3611 504 3676 secretum.
538 3611 582 3674 At
605 3611 693 3695 quasi
716 3613 813 3676 nimia
834 3613 898 3677 iam
921 3631 995 3677 usus
1017 3613 1049 3676 in
1065 3613 1192 3678 dicendo
1208 3612 1336 3676 licentia

203 3714 308 3760 vocem
331 3696 490 3761 submittit
511 3697 678 3778 relictaque
693 3697 888 3762 contentione
903 3697 941 3761 ad
957 3700 1039 3762 solas
1058 3717 1090 3762 se
1107 3699 1200 3762 vertit
1221 3715 1334 3778 preces,

204 3779 314 3862 quibus
338 3782 373 3848 ut
386 3781 567 3846 Vestalibus
589 3782 784 3861 immunitas,
808 3801 869 3866 qua
892 3787 983 3846 antea
1006 3803 1079 3848 usae
1103 3785 1215 3859 esseut,
1242 3783 1334 3846 resti-

204 3869 344 3930 tueretur
367 3873 444 3931 orat.
469 3865 556 3932 Nam·
575 3887 611 3932 en
633 3868 807 3949 virginibus
829 3869 993 3951 privilegio
1016 3869 1148 3950 privatis
1171 3887 1241 3934 cum
1265 3867 1335 3931 nul-

204 3951 270 4015 lum
293 3969 378 4016 sacro
402 3953 518 4016 aerario
541 3954 701 4018 accederet
723 3955 933 4032 commodum,
962 3953 1027 4019 fieri
1057 3955 1120 4018 iam
1151 3972 1212 4018 non
1235 3971 1335 4036 posse,

204 4037 241 4101 ut
262 4037 319 4101 sub
343 4037 527 4121 largissimis
551 4037 741 4120 principibus
764 4059 799 4103 33
821 4039 1065 4122 denegarentur,
1090 4039 1239 4123 quaeve}
1262 4057 1335 4119 pur-

205 4121 323 4185 oissimi
338 4122 577 4207 praestitissent.
602 4123 755 4189 Abessent
778 4125 874 4208 igitur
898 4127 959 4189 ista
975 4127 1155 4208 compendia
1170 4125 1209 4190 ab
1225 4123 1337 4189 aerarii

204 4207 356 4287 puritate,
379 4206 615 4292 principumque
636 4206 729 4272 fiscus
752 4210 888 4276 hostium
910 4209 1032 4293 spoliis,
1058 4230 1118 4274 non
1142 4211 1335 4274 sacerdotum

205 4292 327 4388 damnis
357 4297 533 4377 augeretur.
580 4293 619 4358 llt
649 4295 794 4374 quoniam
822 4297 1041 4372 imporatorum
1069 4315 1169 4362 mores
1192 4295 1229 4360 ab
1253 4299 1337 4360 omni

205 4379 371 4459 iniquitate
394 4381 425 4444 et
453 4379 585 4443 avaritia
607 4379 806 4445 remotissimi
835 4381 952 4459 essent,
987 4400 1022 4445 oo
1045 4382 1140 4446 etiam
1161 4382 1336 4447 miseriores

207 4478 257 4525 eos
282 4465 387 4544 videri,
412 4465 466 4547 qui
488 4466 634 4530 subsidiis
657 4464 785 4549 antiqno
808 4486 866 4530 usu
896 4468 1026 4550 receptis
1049 4469 1274 4552 spoliarentur;
1298 4467 1338 4532 ad

207 4547 306 4641 solam
330 4553 413 4616 euim
436 4550 609 4618 amittentis
633 4551 782 4618 iniuriam
805 4549 1042 4637 det1·ahi,=quod
1066 4553 1241 4621 auferentis·
1260 4553 1338 4620 desi·
