3214 5012
652 499 671 567 l.
696 499 740 566 lle
764 441 952 584 symmachi
976 501 1054 569 vita.

389 637 483 702 Ortus
506 638 555 702 est
577 635 781 720 Symmachus
805 639 896 721 gente
919 638 1127 717 celeberrima,
1151 640 1200 704 cui
1224 640 1336 707 civitas
1358 643 1420 707 Ro-

287 739 378 786 mana
402 725 517 787 multos
551 741 749 805 summosque
779 723 911 788 debebat
939 724 1030 789 vires.
1077 724 1176 789 Nobis
1203 725 1332 808 reliquis
1367 748 1419 792 ne·

287 807 399 890 glectis
416 808 701 872 commemorandus
716 808 843 872 ‘ridetur
860 809 948 891 pater
970 810 1045 887 eius,
1068 811 1105 874 de
1121 829 1304 893 quesumus
1320 813 1419 895 scrip·

285 893 362 970 turi,
397 893 431 957 L.
457 891 601 957 Aurelius
625 893 777 958 Avianius
801 893 1019 977 Symmachus,
1055 897 1107 977 qui
1141 897 1216 978 quot
1246 897 1418 979 quibusque

285 977 450 1043 honoribus
473 980 599 1043 functus
621 978 663 1042 sit
693 997 728 1042 ex
756 979 957 1060 inscriptione
983 983 1084 1045 vetere
1107 981 1248 1064 colligas,
1271 986 1362 1064 ‘quae
1384 982 1417 1045 in

285 1061 396 1126 Orellii
419 1063 659 1146 inscriptionum
681 1063 851 1129 latinarum
875 1083 998 1147 corpere
1021 1061 1152 1130 habetur
1176 1067 1273 1132 1186:
1301 1066 1416 1146 „Phos-

284 1147 385 1229 phorii
408 1149 502 1212 Lucio
519 1148 593 1213 hur.
611 1148 743 1213 Avianio
767 1149 950 1232 Symmacho
974 1169 1003 1214 v.
1028 1169 1051 1215 o.
1076 1151 1228 1232 praefecto
1251 1153 1321 1217 urbi
1345 1169 1416 1216 eon·

284 1232 346 1297 suli
367 1233 587 1316 propraefectis
610 1234 762 1316 praetorio
777 1235 810 1297 in
827 1234 902 1300 urbe
918 1235 1017 1299 Roma
1032 1235 1233 1317 finitimisque
1248 1237 1415 1318 provinciis

284 1318 437 1398 praefecto
460 1337 597 1383 annonae
620 1318 705 1383 urbis
728 1320 844 1384 Rornae
865 1320 1004 1402 pontifici
1033 1320 1143 1384 maiori
1172 1319 1415 1402 quindecimviro

283 1422 307 1467 s.
330 1405 351 1467 f.
376 1403 484 1468 multis
507 1403 715 1487 legationibus
737 1423 791 1486 pro
807 1405 995 1487 amplissimi
1011 1405 1126 1470 ordinis
1150 1405 1310 1472 desideriis
1332 1407 1414 1488 apud

282 1489 369 1554 diros
391 1489 544 1570 principes
567 1487 682 1568 functo,
706 1490 759 1571 qui
779 1489 899 1572 primus
922 1490 954 1555 in
970 1493 1079 1555 senatu
1102 1491 1288 1555 sententiam
1313 1492 1414 1574 rogari

282 1574 394 1638 solitus
417 1573 602 1639 auctoritate
624 1575 790 1657 prudentia
813 1577 876 1658 atq.
901 1577 1076 1658 eloquentia
1092 1593 1146 1658 pro
1163 1575 1317 1658 dignitate
1332 1577 1414 1641 tanti

281 1659 397 1723 ordinis
420 1659 669 1743 magnitudinem
691 1660 752 1726 loci
768 1661 834 1725 eius
857 1661 1043 1744 impleverit,
1067 1680 1139 1725 auro
1161 1661 1325 1728 inlustrem
1348 1663 1414 1728 sta-

281 1747 367 1809 tuam
390 1763 524 1826 quama
552 1744 687 1809 dominis
710 1745 884 1828 angustisq.
909 1746 1023 1809 nostris
1050 1748 1176 1812 senatus
1199 1746 1412 1829 amplissimus

281 1829 412 1893 decretis
440 1829 652 1910 frequentibus
681 1829 851 1912 inpetrabit
881 1829 954 1928 (sic)
984 1831 1066 1895 idem
1093 1831 1304 1896 triumfatores
1326 1833 1413 1913 prin-

275 1915 1020 2066 tlhllttltltlllllltltltllt
1035 1915 1410 2084 illllllltltlnlll'

279 2086 393 2148 dicium
416 2086 505 2148 tanto
528 2085 651 2150 muneri
673 2086 732 2150 hoc
755 2083 874 2168 quoque
896 2052 1031 2164 addidit]
1061 2089 1097 2149 ut
1119 2088 1250 2151 alteram
1272 2088 1409 2152 statuam

277 2171 344 2252 pari
367 2169 527 2250 splendore
550 2171 645 2235 etiam
668 2171 748 2253 apud
771 2170 1073 2252 Constantinopolim
1096 2171 1285 2250 conlocaret,
1310 2173 1408 2256 (dedi)

278 2260 346 2320 cata
360 2254 420 2321 Ill.
445 2255 506 2319 kal.
523 2256 622 2320 Maias
638 2255 689 2339 (Ι).
706 2256 761 2340 Ν.)
778 2255 925 2322 Gratiano
941 2257 1018 2321 ΙΙΙΙ.
1035 2257 1067 2320 et
1082 2256 1267 2321 Merobaude
1289 2256 1407 2340 (cos.)“.

381 2340 574 2424 Quamquam
603 2341 697 2406 series
724 2343 889 2422 honorum,
925 2343 1037 2424 quibus
1066 2340 1190 2406 functus
1220 2342 1284 2418 est,
1319 2343 1408 2406 tanta

277 2427 412 2507 apparet,
436 2441 505 2490 raro
528 2428 633 2490 tamen
656 2427 721 2491 eius
743 2427 859 2491 mentio
882 2429 962 2508 apud
986 2425 1407 2492 reteresfit.Praeseeb1ram

277 2513 427 2576 urbanam
450 2511 483 2574 in
506 2513 710 2576 ennemase.
734 2512 881 2576 incidisse
905 2532 941 2575 ex
964 2512 1028 2576 cod.
1045 2512 1158 2576 Theod.
1183 2512 1406 2595 cognoscimus.

275 2595 496 2678 Legationum,
528 2599 740 2680 quas'multas
763 2596 817 2660 ille
840 2597 934 2675 obiit,
967 2599 1115 2662 memoria
1137 2597 1245 2678 periit,
1269 2617 1331 2662 una
1355 2617 1405 2663 er-

151 2727 155 2732 .
276 2685 373 2763 cepta,
398 2700 491 2764 quam
518 2684 556 2746 ad
580 2680 797 2748 Constantium
826 2682 942 2746 factam
965 2682 1123 2746 Am'mian.
1146 2683 1240 2747 Marc.
1265 2683 1321 2761 21,
1355 2685 1404 2762 12,

274 2767 317 2830 24
339 2771 573 2832 commemorat:
599 2767 667 2852 „lbi
695 2767 792 2849 (apud
813 2767 980 2851 Naessum)
1004 2765 1225 2850 Symmachum
1247 2769 1405 2850 repertum

275 2853 306 2916 et
321 2851 504 2930 Maximum,
528 2855 684 2917 senatores
707 2853 896 2935 conspicuos,
919 2853 1116 2918 anobilitate
1131 2855 1251 2938 legatos
1271 2855 1310 2916 ad
1325 2853 1403 2917 Oen·
1447 2891 1451 2896 -

273 2938 427 3001 stantium
456 2937 567 3002 missos
595 2937 703 3002 exinde
733 2957 870 3002 reversos
899 2938 1065 3004 honorifice
1095 2939 1206 3004 vidior.
1258 2939 1402 3002 Eiusdem

273 3022 436 3104 legationis
451 3022 599 3088 libanius
621 3023 766 3086 meminit
789 3023 821 3086 in
844 3023 976 3104 epistola
999 3025 1039 3089 ad
1054 3023 1274 3107 Symmachum
1296 3021 1401 3100 missa,

272 3107 326 3171 ubi
353 3105 574 3191 Symmachum
601 3108 647 3171 ait
675 3126 745 3172 cum
772 3109 871 3173 tribus
902 3110 1094 3176 senatoribus
1123 3108 1320 3174 Antiochiam
1351 3127 1402 3174 ve·
1520 3135 1523 3140 ·

273 3191 371 3275 nisse,
407 3193 521 3275 inqua
548 3179 630 3258 urbe'
653 3194 723 3258 tum
745 3193 943 3260 Constantius
970 3196 1231 3275 commorabatur;
1259 3194 1400 3274 Symma-

261 3277 364 3342 ‘ohum
392 3277 519 3360 reliquis
547 3278 689 3345 omnibus
719 3281 911 3362 praestitisse
944 3282 1143 3360 omniumque
1169 3277 1277 3340 'oculos
1305 3275 1339 3369 in
1368 3293 1400 3338 se

271 3363 457 3428 convertisse
481 3383 550 3429 eum
572 3366 696 3448 propter
717 3365 852 3449 reliquas
868 3364 1001 3430 virtutes
1025 3364 1092 3427 tum
1117 3361 1153 3424 ob
1175 3358 1398 3440 eloquentiam3

270 3465 348 3530 quae
370 3450 485 3532 legatio
507 3449 747 3516 fuisseridetur
760 3449 977 3515 Valentiniano
997 3452 1028 3512 et
1041 3446 1171 3511 Valente
1188 3461 1264 3508 coss.
1282 3461 1308 3508 a.
1325 3444 1398 3509 365.

270 3533 359 3597 Alter
381 3535 476 3599 etiam
498 3534 631 3599 habetur
652 3537 737 3600 locus
760 3535 840 3616 apud
857 3532 1013 3598 Ammian.
1030 3534 1137 3608 Marc,
1160 3547 1219 3612 quo
1241 3529 1399 3626 privatum

269 3619 422 3700 quoddam
446 3620 563 3685 laetum
591 3621 630 3685 ad
653 3619 872 3703 Symmachum
900 3621 1020 3699 patrem
1046 3616 1204 3699 pertinens
1228 3614 1398 3697 attingitur

268 3703 320 3783 27,
345 3708 374 3782 3,
397 3707 433 3771 3:
460 3705 579 3786 „Multo
607 3707 711 3770 tamen
741 3705 812 3770 ante
836 3723 928 3786 quam
956 3703 1012 3766 hoc
1042 3702 1233 3785 contingeret
1255 3699 1397 3782 Symma-

268 3789 343 3854 chus
365 3791 545 3872 Aproniano
568 3789 718 3856 successit
740 3791 823 3855 inter
844 3787 1009 3871 praecipua
1030 3786 1234 3853 nominandus
1258 3787 1397 3866 exempla

268 3875 478 3941 doctrinarum
506 3879 598 3957 atque
620 3876 803 3953 modestiae,
838 3893 896 3956 quo
925 3873 1062 3938 instante
1089 3873 1163 3965 urbs
1186 3870 1396 3937 sacratissima

267 3961 329 4023 otio
353 3959 508 4043 copiisque
524 3955 733 4025 abundantius
755 3959 844 4024 solito
867 3957 1044 4024 fruebatur:
1069 3962 1101 4023 et
1121 3958 1285 4025 ambitioso
1301 3959 1393 4038 ponte

267 4045 400 4110 exsultat
421 4047 514 4128 atque
536 4044 722 4123 firmissimo,
746 4063 837 4126 quem
860 4044 997 4108 condidit
1017 4045 1083 4128 ipse
1098 4049 1128 4110 et
1143 4062 1256 4128 magna
1279 4041 1395 4108 civium

266 4132 387 4196 laetitia
414 4131 566 4196 dedicavit
592 4130 800 4213 ingratorum,
834 4131 940 4195 utres
968 4131 1073 4196 docuit
1095 4130 1305 4213 apertissima,
1340 4123 1393 4205 qui

266 4217 458 4298 consumptis
482 4215 600 4298 aliquot
628 4214 717 4279 annis
746 4216 872 4281 domum
900 4217 965 4280 eius
992 4217 1026 4280 in
1052 4215 1271 4281 transtiberino
1293 4210 1394 4308 tractu

265 4301 503 4381 pulcherrimam
525 4301 746 4383 incenderunt,
781 4321 817 4369 ea
844 4322 878 4367 re
904 4302 1029 4384 perciti,
1063 4302 1144 4384 quod
1170 4301 1241 4365 vilis
1266 4293 1392 4393 qurdarn

265 4386 402 4467 plebeius
425 4387 577 4467 infixerat,
601 4387 694 4453 illum
715 4389 829 4454 dixisse
843 4388 918 4453 'sine
941 4387 1041 4453 iudice
1063 4388 1128 4450 ullo
1156 4386 1203 4449 vel
1227 4385 1320 4459 teste,
1351 4380 1392 4444 lr-

267 4472 372 4542 benter
394 4492 426 4540 se
447 4474 520 4552 vino
542 4476 662 4566 proprio
685 4476 832 4546 calcarias
854 4475 1079 4560 extincturum,
1108 4491 1200 4563 quam
1229 4472 1262 4541 id
1284 4468 1391 4536 vendi·
1515 4478 1518 4482 ·
