3214 5012
1265 321 1320 416 31'

177 546 303 611 machus
323 541 530 608 luxuriatur.“
575 540 674 621 Quam
696 537 901 604 honorificum
925 537 1081 604 Ausonius
1108 537 1144 603 de
1167 555 1202 604 eo
1226 537 1310 605 iudi-

178 633 263 697 cium
290 628 396 694 fecerit
419 628 450 691 et
478 645 570 710 supra
597 625 773 690 notavimus
802 626 833 690 et
862 643 897 689 er
926 643 972 706 ep.
999 623 1113 702 1,32,
1148 641 1242 708 quam
1271 625 1311 689 ad

176 713 399 803 Symmachum
421 710 520 789 dedit,
543 729 722 796 cognoscas,
747 729 824 793 quae
846 709 920 776 solis
943 710 1007 774 eius
1030 707 1175 774 laudibus
1196 708 1312 774 referta

177 805 236 867 est.
280 799 387 882 Neque
416 817 486 862 vero
516 797 634 862 latinae
662 796 789 880 linguae
818 795 931 860 finibus
961 798 1026 860 eius
1056 795 1157 878 gloria
1179 796 1311 861 circum-

177 888 295 970 scripta
316 884 391 962 erat,
414 882 469 947 sed
492 883 531 947 ad
546 880 678 947 Graecos
702 900 822 965 quoque
844 881 909 947 eius
932 877 1038 946 laudes
1060 881 1310 962 penetraverunt,

178 993 214 1120 yn
236 967 681 1138 quorumtnymerngbanius
704 968 814 1116 multyls
837 966 870 1031 in
892 965 1186 1115 relyuytSymmacbi
1208 964 1311 1031 simil·

190 1069 472 1121 rmususoam
588 1071 651 1117 mss
674 1071 787 1117 noma
831 1071 901 1116 eum
945 1071 1020 1116 er.

274 1069 375 1220 ’quin
410 1139 491 1222 quod
513 1155 574 1202 uon
597 1073 741 1221 aeqffrales
764 1137 855 1202 modo
883 1139 915 1201 et
937 1137 1012 1201 socii
1034 1153 1106 1201 cum
1128 1135 1220 1202 latini
1242 1135 1312 1201 tum

176 1228 298 1314 graeci,
333 1223 386 1289 sed
414 1223 609 1288 infestissimi
642 1243 761 1307 quoque
791 1222 976 1306 adversarii,
1011 1222 1064 1304 qui
1093 1221 1129 1286 dc
1151 1221 1310 1303 petitione,

177 1332 270 1396 quam
299 1328 353 1393 pro
382 1327 437 1374 ara
460 1309 615 1374 Victoriae
637 1309 761 1384 habuit,
792 1309 988 1373 acerbissime
1015 1325 1086 1372 oum
1109 1325 1144 1372 eo
1171 1306 1311 1372 decerta·

178 1400 288 1466 verant
310 1400 340 1461 et
367 1395 640 1460 vehementissime
663 1394 697 1458 in
720 1413 789 1458 cum
813 1393 926 1457 invecti
950 1395 1055 1470 erant,
1086 1411 1182 1476 aequo
1206 1393 1309 1458 animo

176 1501 315 1548 summas
337 1480 367 1545 ei
388 1480 495 1546 laudes
524 1482 676 1546 oratorias
699 1479 922 1557 concedebant,
954 1479 1050 1543 immo
1081 1477 1184 1562 planis
1207 1478 1310 1542 verbis

177 1588 233 1633 sua
255 1569 363 1650 sponte
386 1566 483 1630 etiam
506 1586 576 1630 eum
600 1566 807 1631 celebrabant,
854 1563 1047 1646 Ecquiduam
1075 1562 1240 1646 gloriosius
1263 1566 1310 1628 est

177 1653 238 1728 eis,
261 1671 337 1735 quae
361 1652 545 1716 Ambrosius
573 1652 665 1715 initio
689 1650 814 1715 secundi
838 1649 938 1713 libelli
961 1650 1069 1712 contra
1090 1647 1311 1731 Symmachum

177 1737 285 1819 scripti
315 1737 490 1821 profitetur:
528 1736 650 1813 ,Aurea
682 1737 764 1812 enim
793 1736 841 1799 est
867 1736 976 1817 lingua
1009 1733 1197 1815 sapientium
1225 1734 1311 1799 litte-

176 1826 330 1906 ratorum,
359 1840 437 1905 quae
459 1821 629 1903 phaleratis
653 1823 759 1890 dotata
782 1820 974 1885 sermonibus
998 1821 1029 1885 ct
1052 1822 1184 1901 quodam
1207 1821 1311 1902 splen·

176 1908 278 1974 dentis
312 1907 426 1990 eloquii
459 1909 544 1972 uelut
577 1909 689 1972 coloris
723 1905 848 1988 pretiosi
883 1923 1005 1970 corusco
1038 1905 1194 1969 resultans
1229 1905 1312 1987 capit

177 1994 356 2057 animorum
379 1993 482 2056 oculos
505 1992 605 2074 specie
627 1992 754 2058 formosi
777 1992 906 2073 visuque
928 1989 1144 2073 perstringit.“
1168 1989 1310 2055 Pruden-

177 2079 253 2156 tius,
276 2077 314 2141 ut
336 2076 470 2142 alterum
485 2077 598 2141 testem
613 2078 647 2140 in
663 2078 801 2143 medium
816 2076 978 2160 proferam,
1002 2076 1184 2158 priusquam
1206 2077 1312 2158 ipsum

179 2163 398 2246 argumentum
432 2162 491 2225 sibi
520 2162 709 2245 propositum
738 2163 844 2239 adeat,
880 2181 940 2226 uon
970 2161 1062 2226 modo
1093 2161 1245 2244 imparem
1278 2181 1311 2226 se

178 2247 356 2332 Symmachi
384 2246 547 2312 facundiae
576 2247 729 2330 appellat,
765 2250 817 2312 sed
846 2247 905 2328 ipsi
934 2247 1066 2330 gloriam
1096 2247 1212 2310 summi
1240 2265 1310 2312 ora-

176 2334 253 2399 toris
275 2349 372 2416 aequo
397 2333 507 2408 ,animo
535 2333 688 2398 attribuit.
736 2333 809 2396 llius
832 2351 938 2398 versus
962 2334 986 2396 Ι.
1011 2332 1073 2396 633
1096 2351 1162 2416 sqq.
1186 2333 1246 2397 hac
1275 2333 1309 2395 in

177 2416 358 2502 quaestione
379 2417 649 2500 praetermittendi
672 2437 731 2483 non
754 2419 844 2481 sunt:

303 2501 347 2580 „O
370 2503 513 2586 linguam
537 2505 614 2567 miro
638 2503 802 2568 verborum
825 2503 911 2568 fonte
934 2503 1091 2580 fluentem,
1182 2509 1189 2520 “

299 2587 434 2652 Romani
457 2588 548 2652 decus
572 2588 696 2737 eloryuii,
721 2589 769 2653 cui
793 2589 883 2654 cedat
905 2590 937 2653 et
958 2591 1025 2672 ipse

300 2673 433 2755 Tullius,
459 2673 515 2737 has
538 2673 626 2738 fundi
665 2674 751 2738 dives
774 2675 921 2740 facundia
943 2692 1093 2756 gemmas,

301 2757 343 2821 Os
367 2758 497 2841 dignum
521 2760 645 2822 aeterno
668 2761 794 2823 tantum
819 2759 898 2841 quod
921 2759 1042 2841 fulgeat
1064 2777 1149 2836 anm,

301 2841 334 2907 Si
356 2845 466 2909 mallet
489 2845 616 2908 laudare
641 2845 750 2919 Deum,
775 2843 824 2908 cui
847 2842 971 2909 sordida
993 2847 1134 2908 monstra

301 2927 455 2993 Praetulit
478 2933 508 2992 ct
531 2928 683 3009 liquidam
706 2929 871 2994 temerarit
894 2929 1024 2994 erimine
1047 2947 1163 3006 vocem,

302 3015 395 3077 Haud
417 3014 518 3090 aliter,
543 3032 637 3096 quam
661 3015 688 3080 si
710 3014 820 3078 rastris
843 3013 911 3096 quis
934 3014 1034 3078 tentet
1056 3015 1180 3079 eburnis

303 3097 471 3163 Coenosum
495 3117 616 3164 versare
640 3102 751 3177 solum,
775 3100 910 3182 limoque
933 3099 1093 3165 madentes

196 3255 202 3262 ⁴
305 3182 448 3247 Ercolere
470 3184 602 3249 aureolis
625 3184 652 3248 si
675 3185 753 3248 forte
776 3184 934 3267 ligonibus
958 3185 1058 3252 ulvas.

303 3263 499 3348 Splendorem
524 3270 624 3336 dentis
648 3269 741 3334 nitidi
765 3269 881 3333 scrobis
904 3269 1046 3352 inquinat
1070 3273 1147 3346 atra,

242 3353 248 3362 '
301 3349 340 3414 Et
362 3353 498 3433 pretiosa
521 3355 602 3420 acies
625 3355 786 3437 squalente
809 3355 912 3418 sordet
935 3355 969 3419 in
992 3359 1094 3418 arvo.“

280 3437 459 3519 lterumque
480 3437 505 3502 1.
530 3440 606 3505 649:

209 3545 213 3556 ⁸
299 3521 464 3598 ,inlaesus
487 3527 614 3589 maneat
636 3525 715 3590 liber
738 3523 949 3608 excellensque
971 3524 1117 3590 volumen

301 3606 447 3673 Obtineat
470 3611 592 3690 partam
616 3609 737 3674 dicendi
759 3611 891 3677 fulmine
913 3610 1058 3675 famam.“

277 3693 362 3772 Quae
384 3694 595 3771 laudationes,
629 3697 770 3776 quamvis
794 3697 888 3761 nimis
912 3698 1020 3760 auctae
1043 3697 1074 3759 et
1096 3695 1306 3777 exaggeratas,

176 3794 209 3839 eo
241 3779 345 3842 tamen
374 3780 500 3845 maioris
527 3780 671 3845 videntur
705 3785 870 3858 momenti,
906 3782 987 3863 quod
1016 3781 1054 3845 ab
1088 3799 1122 3844 eo
1151 3779 1306 3861 profectae

175 3864 263 3938 sunt,
298 3865 351 3945 qui
380 3865 440 3928 nisi
464 3868 649 3931 necessitate
678 3871 802 3930 coactus
833 3868 917 3931 omni
946 3871 1027 3932 certe
1058 3884 1186 3930 assensu
1209 3863 1306 3929 absti-

177 3948 303 4012 nuisset.
328 3948 414 4013 Idem
438 3950 475 4014 de
498 3950 683 4033 Symmacho
706 3949 793 4016 addit
815 3953 856 4016 Il.
881 3953 977 4035 praef.
1000 3953 1059 4018 56:

263 4087 267 4098 ’
481 4037 946 4199 alfla⁰ltllthizti3⁰¹

483 4204 647 4286 ventisque
669 4205 782 4287 eloquii
805 4207 935 4270 tumet.“

274 4286 363 4368 Alia,
387 4290 474 4353 velut
496 4289 576 4371 quod
599 4309 669 4354 eum
691 4290 733 4354 Il.
758 4290 822 4354 644
844 4292 983 4374 appellat
1008 4292 1137 4374 „orandi
1160 4295 1225 4360 arte
1248 4309 1304 4376 po·

175 4371 310 4465 tenntem“
335 4377 366 4438 et
389 4391 467 4457 qnae
490 4377 584 4439 etiam
607 4373 760 4440 habentur
783 4377 847 4442 eius
871 4378 991 4461 generis
1014 4397 1048 4441 so
1070 4377 1192 4443 facilius
1214 4397 1305 4463 prae·

175 4458 265 4518 aare
286 4457 408 4538 licebit,
437 4459 517 4543 quod
545 4478 612 4525 cum
637 4461 831 4546 gravissimis
854 4464 929 4526 locis
954 4463 1044 4526 modo
1066 4463 1195 4546 prolatis
1218 4482 1304 4529 oom-

175 4541 283 4624 parata
304 4547 456 4614 momenti
483 4547 586 4614 multo
609 4548 734 4616 levioris
756 4550 838 4616 sunt.
884 4547 968 4628 Quae
994 4549 1181 4632 protulimus
1210 4549 1303 4616 docu-
