<?xml version="1.0" encoding="UTF-8"?>
<!DOCTYPE html PUBLIC "-//W3C//DTD XHTML 1.0 Transitional//EN"
    "http://www.w3.org/TR/xhtml1/DTD/xhtml1-transitional.dtd">
<html xmlns="http://www.w3.org/1999/xhtml" xml:lang="en" lang="en">
 <head>
  <title>
</title>
<meta http-equiv="Content-Type" content="text/html;charset=utf-8" />
  <meta name='ocr-system' content='tesseract 3.04.00' />
  <meta name='ocr-capabilities' content='ocr_page ocr_carea ocr_par ocr_line ocrx_word'/>
</head>
<body>
  <div class='ocr_page' id='page_1' title='image "./qustionessymmac00koregoog_0024.png"; bbox 0 0 3214 5012; ppageno 0'>
   <div class='ocr_carea' id='block_1_1' title="bbox 1284 323 1361 398">
    <p class='ocr_par' dir='ltr' id='par_1_1' title="bbox 1284 323 1361 398">
     <span class='ocr_line' id='line_1_1' title="bbox 1284 323 1361 398; baseline 0.143 -11"><span class='ocrx_word' id='word_1_1' title='bbox 1284 323 1361 398; x_wconf 31' lang='lat' dir='ltr'>lbi</span> 
     </span>
    </p>
   </div>
   <div class='ocr_carea' id='block_1_2' title="bbox 123 509 1374 4618">
    <p class='ocr_par' dir='ltr' id='par_1_2' title="bbox 123 509 1374 4618">
     <span class='ocr_line' id='line_1_2' title="bbox 189 509 1318 594; baseline -0.004 -14"><span class='ocrx_word' id='word_1_2' title='bbox 189 512 332 580; x_wconf 87' lang='lat' dir='ltr'>sublatus</span> <span class='ocrx_word' id='word_1_3' title='bbox 355 511 413 575; x_wconf 91' lang='lat' dir='ltr'>est.</span> <span class='ocrx_word' id='word_1_4' title='bbox 443 509 581 576; x_wconf 81' lang='grc'>01100111</span> <span class='ocrx_word' id='word_1_5' title='bbox 603 529 653 573; x_wconf 87' lang='grc'>100</span> <span class='ocrx_word' id='word_1_6' title='bbox 675 509 814 576; x_wconf 84' lang='lat' dir='ltr'>inlausta</span> <span class='ocrx_word' id='word_1_7' title='bbox 838 511 973 576; x_wconf 85' lang='lat' dir='ltr'>narratio</span> <span class='ocrx_word' id='word_1_8' title='bbox 996 513 1089 594; x_wconf 87' lang='lat' dir='ltr'>atque</span> <span class='ocrx_word' id='word_1_9' title='bbox 1114 509 1183 574; x_wconf 92' lang='lat' dir='ltr'>ideo</span> <span class='ocrx_word' id='word_1_10' title='bbox 1205 510 1239 574; x_wconf 92' lang='lat' dir='ltr'>in</span> <span class='ocrx_word' id='word_1_11' title='bbox 1261 512 1318 575; x_wconf 88' lang='lat' dir='ltr'>bac</span> 
     </span>
     <span class='ocr_line' id='line_1_3' title="bbox 189 594 1323 682; baseline -0.002 -19"><span class='ocrx_word' id='word_1_12' title='bbox 189 598 379 682; x_wconf 79' lang='lat' dir='ltr'>expositione</span> <span class='ocrx_word' id='word_1_13' title='bbox 401 597 530 661; x_wconf 80' lang='lat' dir='ltr'><strong>servabo</strong></span> <span class='ocrx_word' id='word_1_14' title='bbox 546 594 759 661; x_wconf 84' lang='lat' dir='ltr'>brevitatem.“</span> <span class='ocrx_word' id='word_1_15' title='bbox 785 595 829 661; x_wconf 84' lang='lat' dir='ltr'>At</span> <span class='ocrx_word' id='word_1_16' title='bbox 843 596 905 662; x_wconf 87' lang='lat' dir='ltr'>alia</span> <span class='ocrx_word' id='word_1_17' title='bbox 927 597 1080 662; x_wconf 88' lang='lat' dir='ltr'>habentur</span> <span class='ocrx_word' id='word_1_18' title='bbox 1102 596 1202 660; x_wconf 88' lang='lat' dir='ltr'>multo</span> <span class='ocrx_word' id='word_1_19' title='bbox 1226 597 1323 661; x_wconf 87' lang='lat' dir='ltr'>etiam</span> 
     </span>
     <span class='ocr_line' id='line_1_4' title="bbox 189 680 1323 768; baseline -0.002 -20"><span class='ocrx_word' id='word_1_20' title='bbox 189 683 340 768; x_wconf 89' lang='lat' dir='ltr'>graviora.</span> <span class='ocrx_word' id='word_1_21' title='bbox 384 681 490 765; x_wconf 92' lang='lat' dir='ltr'>Ipsum</span> <span class='ocrx_word' id='word_1_22' title='bbox 522 681 716 764; x_wconf 74' lang='lat' dir='ltr'>haruspicem</span> <span class='ocrx_word' id='word_1_23' title='bbox 750 680 856 747; x_wconf 89' lang='lat' dir='ltr'>audire</span> <span class='ocrx_word' id='word_1_24' title='bbox 884 682 943 746; x_wconf 92' lang='lat' dir='ltr'>tibi</span> <span class='ocrx_word' id='word_1_25' title='bbox 972 681 1102 760; x_wconf 88' lang='lat' dir='ltr'>videris,</span> <span class='ocrx_word' id='word_1_26' title='bbox 1132 699 1202 745; x_wconf 90' lang='lat' dir='ltr'>cum</span> <span class='ocrx_word' id='word_1_27' title='bbox 1233 682 1323 765; x_wconf 90' lang='lat' dir='ltr'>legis,</span> 
     </span>
     <span class='ocr_line' id='line_1_5' title="bbox 123 766 1324 852; baseline 0 -20"><span class='ocrx_word' id='word_1_28' title='bbox 123 785 130 792; x_wconf 76' lang='grc'><em>“</em></span> <span class='ocrx_word' id='word_1_29' title='bbox 187 789 267 852; x_wconf 85' lang='lat' dir='ltr'>quae</span> <span class='ocrx_word' id='word_1_30' title='bbox 295 769 349 833; x_wconf 92' lang='lat' dir='ltr'>ille</span> <span class='ocrx_word' id='word_1_31' title='bbox 379 767 503 851; x_wconf 75' lang='lat' dir='ltr'><strong>scripsit</strong></span> <span class='ocrx_word' id='word_1_32' title='bbox 525 787 573 850; x_wconf 91' lang='lat' dir='ltr'>ep.</span> <span class='ocrx_word' id='word_1_33' title='bbox 599 767 626 845; x_wconf 90' lang='grc'>1,</span> <span class='ocrx_word' id='word_1_34' title='bbox 662 768 719 832; x_wconf 84' lang='lat'>49:</span> <span class='ocrx_word' id='word_1_35' title='bbox 758 767 939 850; x_wconf 88' lang='lat' dir='ltr'>,impendio</span> <span class='ocrx_word' id='word_1_36' title='bbox 970 785 1065 852; x_wconf 89' lang='lat' dir='ltr'>angor</span> <span class='ocrx_word' id='word_1_37' title='bbox 1094 766 1206 845; x_wconf 87' lang='lat' dir='ltr'>animi,</span> <span class='ocrx_word' id='word_1_38' title='bbox 1242 767 1324 848; x_wconf 89' lang='lat' dir='ltr'>quod</span> 
     </span>
     <span class='ocr_line' id='line_1_6' title="bbox 188 853 1323 937; baseline -0.001 -19"><span class='ocrx_word' id='word_1_39' title='bbox 188 853 345 920; x_wconf 87' lang='lat' dir='ltr'>sacrificiis</span> <span class='ocrx_word' id='word_1_40' title='bbox 368 853 596 935; x_wconf 79' lang='lat' dir='ltr'>multiplicibus</span> <span class='ocrx_word' id='word_1_41' title='bbox 620 855 651 919; x_wconf 87' lang='lat' dir='ltr'>et</span> <span class='ocrx_word' id='word_1_42' title='bbox 678 853 894 937; x_wconf 90' lang='lat' dir='ltr'>persingulas</span> <span class='ocrx_word' id='word_1_43' title='bbox 923 854 1093 934; x_wconf 76' lang='lat' dir='ltr'><strong>potestates</strong></span> <span class='ocrx_word' id='word_1_44' title='bbox 1121 871 1211 934; x_wconf 88' lang='lat' dir='ltr'>saepe</span> <span class='ocrx_word' id='word_1_45' title='bbox 1232 871 1323 936; x_wconf 92' lang='lat' dir='ltr'>repe-</span> 
     </span>
     <span class='ocr_line' id='line_1_7' title="bbox 188 937 1321 1022; baseline -0.001 -19"><span class='ocrx_word' id='word_1_46' title='bbox 188 939 269 1018; x_wconf 91' lang='lat' dir='ltr'>titis,</span> <span class='ocrx_word' id='word_1_47' title='bbox 293 939 421 1004; x_wconf 82' lang='lat' dir='ltr'><strong>necdum</strong></span> <span class='ocrx_word' id='word_1_48' title='bbox 436 938 559 1022; x_wconf 88' lang='lat' dir='ltr'>publico</span> <span class='ocrx_word' id='word_1_49' title='bbox 575 939 700 1003; x_wconf 88' lang='lat' dir='ltr'>nomine</span> <span class='ocrx_word' id='word_1_50' title='bbox 715 937 909 1021; x_wconf 79' lang='lat' dir='ltr'>Spoletinum</span> <span class='ocrx_word' id='word_1_51' title='bbox 932 938 1213 1021; x_wconf 88' lang='lat' dir='ltr'>piaturostentum.</span> <span class='ocrx_word' id='word_1_52' title='bbox 1239 937 1321 1002; x_wconf 88' lang='lat' dir='ltr'>Nam</span> 
     </span>
     <span class='ocr_line' id='line_1_8' title="bbox 188 1021 1374 1106; baseline -0.001 -17"><span class='ocrx_word' id='word_1_53' title='bbox 188 1025 222 1089; x_wconf 92' lang='lat' dir='ltr'>et</span> <span class='ocrx_word' id='word_1_54' title='bbox 242 1025 353 1089; x_wconf 81' lang='lat' dir='ltr'>lovem</span> <span class='ocrx_word' id='word_1_55' title='bbox 377 1023 427 1091; x_wconf 84' lang='lat' dir='ltr'>vix</span> <span class='ocrx_word' id='word_1_56' title='bbox 449 1021 630 1106; x_wconf 75' lang='lat' dir='ltr'>propitiavit</span> <span class='ocrx_word' id='word_1_57' title='bbox 652 1027 760 1090; x_wconf 88' lang='lat' dir='ltr'>octava</span> <span class='ocrx_word' id='word_1_58' title='bbox 780 1025 926 1091; x_wconf 78' lang='lat' dir='ltr'>mactatio</span> <span class='ocrx_word' id='word_1_59' title='bbox 948 1025 980 1089; x_wconf 90' lang='lat' dir='ltr'>et</span> <span class='ocrx_word' id='word_1_60' title='bbox 1002 1025 1156 1090; x_wconf 79' lang='lat' dir='ltr'>Fortunae</span> <span class='ocrx_word' id='word_1_61' title='bbox 1171 1022 1321 1089; x_wconf 78' lang='lat' dir='ltr'>Publicae</span> <span class='ocrx_word' id='word_1_62' title='bbox 1371 1021 1374 1026; x_wconf 81' lang='grc'><strong>’</strong></span> 
     </span>
     <span class='ocr_line' id='line_1_9' title="bbox 187 1109 1314 1194; baseline -0.001 -20"><span class='ocrx_word' id='word_1_63' title='bbox 187 1110 365 1194; x_wconf 88' lang='lat' dir='ltr'>multiiugis</span> <span class='ocrx_word' id='word_1_64' title='bbox 389 1109 499 1174; x_wconf 87' lang='lat' dir='ltr'>hostiis</span> <span class='ocrx_word' id='word_1_65' title='bbox 529 1111 734 1194; x_wconf 86' lang='lat' dir='ltr'>nequicquam</span> <span class='ocrx_word' id='word_1_66' title='bbox 756 1111 938 1176; x_wconf 88' lang='lat' dir='ltr'>undecimus</span> <span class='ocrx_word' id='word_1_67' title='bbox 961 1111 1057 1176; x_wconf 91' lang='lat' dir='ltr'>bonor</span> <span class='ocrx_word' id='word_1_68' title='bbox 1084 1109 1185 1176; x_wconf 86' lang='lat' dir='ltr'>factus</span> <span class='ocrx_word' id='word_1_69' title='bbox 1208 1110 1270 1174; x_wconf 87' lang='lat' dir='ltr'>est.</span> <span class='ocrx_word' id='word_1_70' title='bbox 1286 1160 1314 1173; x_wconf 92' lang='lat'>..</span> 
     </span>
     <span class='ocr_line' id='line_1_10' title="bbox 189 1193 1319 1278; baseline -0.001 -18"><span class='ocrx_word' id='word_1_71' title='bbox 189 1193 309 1260; x_wconf 83' lang='lat' dir='ltr'>Ourabo</span> <span class='ocrx_word' id='word_1_72' title='bbox 325 1193 411 1272; x_wconf 90' lang='lat' dir='ltr'>scias,</span> <span class='ocrx_word' id='word_1_73' title='bbox 434 1195 461 1258; x_wconf 90' lang='lat' dir='ltr'>si</span> <span class='ocrx_word' id='word_1_74' title='bbox 477 1194 550 1276; x_wconf 91' lang='lat' dir='ltr'>quid</span> <span class='ocrx_word' id='word_1_75' title='bbox 566 1195 701 1261; x_wconf 90' lang='lat' dir='ltr'>remedia</span> <span class='ocrx_word' id='word_1_76' title='bbox 715 1195 822 1261; x_wconf 86' lang='lat' dir='ltr'>divina</span> <span class='ocrx_word' id='word_1_77' title='bbox 836 1199 1084 1278; x_wconf 86' lang='lat' dir='ltr'>permoverunt.“</span> <span class='ocrx_word' id='word_1_78' title='bbox 1110 1195 1160 1260; x_wconf 75' lang='lat' dir='ltr'>Ab</span> <span class='ocrx_word' id='word_1_79' title='bbox 1176 1195 1224 1260; x_wconf 93' lang='lat' dir='ltr'>his</span> <span class='ocrx_word' id='word_1_80' title='bbox 1240 1195 1319 1260; x_wconf 86' lang='lat' dir='ltr'>locis</span> 
     </span>
     <span class='ocr_line' id='line_1_11' title="bbox 188 1279 1318 1364; baseline 0.001 -21"><span class='ocrx_word' id='word_1_81' title='bbox 188 1280 300 1345; x_wconf 88' lang='lat' dir='ltr'>tertius</span> <span class='ocrx_word' id='word_1_82' title='bbox 317 1297 377 1343; x_wconf 91' lang='lat' dir='ltr'>non</span> <span class='ocrx_word' id='word_1_83' title='bbox 392 1279 528 1344; x_wconf 89' lang='lat' dir='ltr'>multum</span> <span class='ocrx_word' id='word_1_84' title='bbox 544 1281 656 1346; x_wconf 84' lang='lat' dir='ltr'>differt.</span> <span class='ocrx_word' id='word_1_85' title='bbox 680 1279 759 1346; x_wconf 81' lang='lat' dir='ltr'>Cum</span> <span class='ocrx_word' id='word_1_86' title='bbox 774 1281 847 1346; x_wconf 88' lang='lat' dir='ltr'>urbs</span> <span class='ocrx_word' id='word_1_87' title='bbox 866 1281 1052 1364; x_wconf 85' lang='lat' dir='ltr'>gravissima</span> <span class='ocrx_word' id='word_1_88' title='bbox 1067 1281 1148 1347; x_wconf 84' lang='lat' dir='ltr'>lame</span> <span class='ocrx_word' id='word_1_89' title='bbox 1162 1279 1318 1346; x_wconf 83' lang='lat' dir='ltr'>laboraret</span> 
     </span>
     <span class='ocr_line' id='line_1_12' title="bbox 189 1363 1316 1457; baseline 0 -27"><span class='ocrx_word' id='word_1_90' title='bbox 189 1367 222 1430; x_wconf 90' lang='lat' dir='ltr'>et</span> <span class='ocrx_word' id='word_1_91' title='bbox 243 1363 341 1430; x_wconf 84' lang='lat' dir='ltr'>maior</span> <span class='ocrx_word' id='word_1_92' title='bbox 362 1364 477 1430; x_wconf 85' lang='lat' dir='ltr'>civium</span> <span class='ocrx_word' id='word_1_93' title='bbox 500 1385 570 1457; x_wconf 90' lang='lat' dir='ltr'>pars</span> <span class='ocrx_word' id='word_1_94' title='bbox 593 1367 630 1431; x_wconf 91' lang='lat' dir='ltr'>de</span> <span class='ocrx_word' id='word_1_95' title='bbox 659 1367 760 1432; x_wconf 89' lang='lat' dir='ltr'>salute</span> <span class='ocrx_word' id='word_1_96' title='bbox 782 1366 906 1433; x_wconf 89' lang='lat' dir='ltr'>omnino</span> <span class='ocrx_word' id='word_1_97' title='bbox 929 1365 993 1431; x_wconf 90' lang='lat' dir='ltr'>iem</span> <span class='ocrx_word' id='word_1_98' title='bbox 1016 1367 1203 1450; x_wconf 88' lang='lat' dir='ltr'>desperaret,</span> <span class='ocrx_word' id='word_1_99' title='bbox 1228 1369 1316 1430; x_wconf 85' lang='lat' dir='ltr'>erent</span> 
     </span>
     <span class='ocr_line' id='line_1_13' title="bbox 187 1449 1320 1536; baseline 0.003 -23"><span class='ocrx_word' id='word_1_100' title='bbox 187 1449 220 1513; x_wconf 91' lang='lat' dir='ltr'>in</span> <span class='ocrx_word' id='word_1_101' title='bbox 243 1451 360 1527; x_wconf 89' lang='lat' dir='ltr'>senatu,</span> <span class='ocrx_word' id='word_1_102' title='bbox 384 1451 437 1533; x_wconf 89' lang='lat' dir='ltr'>qui</span> <span class='ocrx_word' id='word_1_103' title='bbox 460 1469 495 1516; x_wconf 86' lang='grc'>01</span> <span class='ocrx_word' id='word_1_104' title='bbox 518 1453 657 1517; x_wconf 86' lang='lat' dir='ltr'>veterum</span> <span class='ocrx_word' id='word_1_105' title='bbox 685 1470 772 1518; x_wconf 90' lang='lat' dir='ltr'>more</span> <span class='ocrx_word' id='word_1_106' title='bbox 794 1471 850 1534; x_wconf 90' lang='lat' dir='ltr'>pro</span> <span class='ocrx_word' id='word_1_107' title='bbox 876 1451 1035 1517; x_wconf 88' lang='lat' dir='ltr'>alimentis</span> <span class='ocrx_word' id='word_1_108' title='bbox 1058 1451 1165 1536; x_wconf 94' lang='lat' dir='ltr'>populi</span> <span class='ocrx_word' id='word_1_109' title='bbox 1188 1451 1320 1517; x_wconf 88' lang='lat' dir='ltr'>Romani</span> 
     </span>
     <span class='ocr_line' id='line_1_14' title="bbox 185 1535 1319 1705; baseline 0.004 -107"><span class='ocrx_word' id='word_1_110' title='bbox 185 1535 444 1705; x_wconf 41' lang='lat' dir='ltr'>{uppffcaiifnem</span> <span class='ocrx_word' id='word_1_111' title='bbox 478 1537 688 1616; x_wconf 87' lang='lat' dir='ltr'>decernerent,</span> <span class='ocrx_word' id='word_1_112' title='bbox 723 1537 908 1621; x_wconf 83' lang='lat' dir='ltr'>Symmacho</span> <span class='ocrx_word' id='word_1_113' title='bbox 942 1555 1136 1621; x_wconf 89' lang='lat' dir='ltr'>summopere</span> <span class='ocrx_word' id='word_1_114' title='bbox 1168 1537 1319 1603; x_wconf 86' lang='lat' dir='ltr'>suadente</span> 
     </span>
     <span class='ocr_line' id='line_1_15' title="bbox 201 1636 536 1703; baseline 0.015 -20"><span class='ocrx_word' id='word_1_115' title='bbox 201 1636 247 1703; x_wconf 89' lang='lat' dir='ltr'>ep.</span> <span class='ocrx_word' id='word_1_116' title='bbox 295 1669 302 1698; x_wconf 95' lang='lat'>,</span> <span class='ocrx_word' id='word_1_117' title='bbox 364 1670 371 1683; x_wconf 91' lang='lat'><strong>.</strong></span> <span class='ocrx_word' id='word_1_118' title='bbox 534 1681 536 1688; x_wconf 56' lang='lat'>,</span> 
     </span>
     <span class='ocr_line' id='line_1_16' title="bbox 287 1705 1318 1791; baseline 0.002 -21"><span class='ocrx_word' id='word_1_119' title='bbox 287 1707 334 1782; x_wconf 87' lang='lat' dir='ltr'>Is,</span> <span class='ocrx_word' id='word_1_120' title='bbox 363 1705 417 1786; x_wconf 88' lang='lat' dir='ltr'>qui</span> <span class='ocrx_word' id='word_1_121' title='bbox 439 1705 527 1769; x_wconf 89' lang='lat' dir='ltr'>tanta</span> <span class='ocrx_word' id='word_1_122' title='bbox 556 1707 717 1773; x_wconf 82' lang='lat' dir='ltr'>devotione</span> <span class='ocrx_word' id='word_1_123' title='bbox 745 1707 883 1791; x_wconf 90' lang='lat' dir='ltr'>antiquis</span> <span class='ocrx_word' id='word_1_124' title='bbox 916 1709 1012 1773; x_wconf 87' lang='lat' dir='ltr'>saeris</span> <span class='ocrx_word' id='word_1_125' title='bbox 1035 1707 1198 1775; x_wconf 85' lang='lat' dir='ltr'>devinctus</span> <span class='ocrx_word' id='word_1_126' title='bbox 1228 1709 1318 1784; x_wconf 89' lang='lat' dir='ltr'>esset,</span> 
     </span>
     <span class='ocr_line' id='line_1_17' title="bbox 186 1791 1316 1879; baseline 0.001 -24"><span class='ocrx_word' id='word_1_127' title='bbox 186 1791 268 1856; x_wconf 86' lang='lat' dir='ltr'>certe</span> <span class='ocrx_word' id='word_1_128' title='bbox 291 1791 468 1869; x_wconf 90' lang='lat' dir='ltr'>hominum,</span> <span class='ocrx_word' id='word_1_129' title='bbox 491 1793 633 1876; x_wconf 88' lang='lat' dir='ltr'>quitum</span> <span class='ocrx_word' id='word_1_130' title='bbox 657 1795 760 1870; x_wconf 89' lang='lat' dir='ltr'>erant,</span> <span class='ocrx_word' id='word_1_131' title='bbox 790 1813 862 1878; x_wconf 87' lang='lat' dir='ltr'>erga</span> <span class='ocrx_word' id='word_1_132' title='bbox 883 1793 1067 1879; x_wconf 85' lang='lat' dir='ltr'>religionem</span> <span class='ocrx_word' id='word_1_133' title='bbox 1089 1793 1316 1877; x_wconf 84' lang='lat' dir='ltr'>negligentiam</span> 
     </span>
     <span class='ocr_line' id='line_1_18' title="bbox 184 1876 1312 1961; baseline 0.004 -22"><span class='ocrx_word' id='word_1_134' title='bbox 184 1893 247 1940; x_wconf 89' lang='lat' dir='ltr'>non</span> <span class='ocrx_word' id='word_1_135' title='bbox 275 1876 399 1957; x_wconf 88' lang='lat' dir='ltr'>poterat</span> <span class='ocrx_word' id='word_1_136' title='bbox 425 1895 486 1941; x_wconf 91' lang='lat' dir='ltr'>non</span> <span class='ocrx_word' id='word_1_137' title='bbox 512 1877 622 1943; x_wconf 90' lang='lat' dir='ltr'>dolere.</span> <span class='ocrx_word' id='word_1_138' title='bbox 667 1879 752 1944; x_wconf 78' lang='lat' dir='ltr'>Talis</span> <span class='ocrx_word' id='word_1_139' title='bbox 781 1880 867 1945; x_wconf 86' lang='lat' dir='ltr'>loeus</span> <span class='ocrx_word' id='word_1_140' title='bbox 896 1879 1030 1946; x_wconf 90' lang='lat' dir='ltr'>habetur</span> <span class='ocrx_word' id='word_1_141' title='bbox 1058 1878 1092 1944; x_wconf 91' lang='lat' dir='ltr'>in</span> <span class='ocrx_word' id='word_1_142' title='bbox 1122 1897 1169 1961; x_wconf 93' lang='lat' dir='ltr'>ep.</span> <span class='ocrx_word' id='word_1_143' title='bbox 1197 1881 1224 1954; x_wconf 92' lang='lat' dir='ltr'>l,</span> <span class='ocrx_word' id='word_1_144' title='bbox 1255 1878 1312 1944; x_wconf 89' lang='lat'>51:</span> 
     </span>
     <span class='ocr_line' id='line_1_19' title="bbox 185 1961 1316 2133; baseline 0.005 -24"><span class='ocrx_word' id='word_1_145' title='bbox 185 1961 1316 2133; x_wconf 61' lang='grc'>11911111111111111111111111111111111</span> 
     </span>
     <span class='ocr_line' id='line_1_20' title="bbox 186 2131 1318 2220; baseline 0.005 -26"><span class='ocrx_word' id='word_1_146' title='bbox 186 2131 281 2214; x_wconf 91' lang='lat' dir='ltr'>gatio.</span> <span class='ocrx_word' id='word_1_147' title='bbox 325 2131 416 2197; x_wconf 88' lang='lat' dir='ltr'>Nunc</span> <span class='ocrx_word' id='word_1_148' title='bbox 441 2132 503 2196; x_wconf 89' lang='lat' dir='ltr'>aris</span> <span class='ocrx_word' id='word_1_149' title='bbox 532 2134 634 2199; x_wconf 82' lang='lat' dir='ltr'>deesse</span> <span class='ocrx_word' id='word_1_150' title='bbox 656 2137 809 2200; x_wconf 75' lang='lat' dir='ltr'>Romarm</span> <span class='ocrx_word' id='word_1_151' title='bbox 840 2155 938 2220; x_wconf 90' lang='lat' dir='ltr'>genus</span> <span class='ocrx_word' id='word_1_152' title='bbox 961 2137 1010 2201; x_wconf 89' lang='lat' dir='ltr'>est</span> <span class='ocrx_word' id='word_1_153' title='bbox 1039 2134 1225 2201; x_wconf 82' lang='lat' dir='ltr'>ambiendi.“</span> <span class='ocrx_word' id='word_1_154' title='bbox 1271 2136 1318 2200; x_wconf 91' lang='lat' dir='ltr'>De</span> 
     </span>
     <span class='ocr_line' id='line_1_21' title="bbox 185 2215 1316 2304; baseline 0.004 -24"><span class='ocrx_word' id='word_1_155' title='bbox 185 2215 397 2298; x_wconf 84' lang='lat' dir='ltr'>Neapolitanis</span> <span class='ocrx_word' id='word_1_156' title='bbox 426 2220 580 2300; x_wconf 87' lang='lat' dir='ltr'>praeconii</span> <span class='ocrx_word' id='word_1_157' title='bbox 608 2221 698 2286; x_wconf 91' lang='lat' dir='ltr'>modo</span> <span class='ocrx_word' id='word_1_158' title='bbox 736 2223 872 2299; x_wconf 75' lang='lat' dir='ltr'>,Deum‘</span> <span class='ocrx_word' id='word_1_159' title='bbox 898 2221 1020 2303; x_wconf 90' lang='lat' dir='ltr'>inquit,</span> <span class='ocrx_word' id='word_1_160' title='bbox 1059 2220 1214 2301; x_wconf 83' lang='lat' dir='ltr'>,maxima</span> <span class='ocrx_word' id='word_1_161' title='bbox 1245 2239 1316 2304; x_wconf 87' lang='lat' dir='ltr'>pars</span> 
     </span>
     <span class='ocr_line' id='line_1_22' title="bbox 183 2303 1315 2389; baseline 0.003 -22"><span class='ocrx_word' id='word_1_162' title='bbox 183 2303 366 2367; x_wconf 84' lang='lat' dir='ltr'>veneratur“</span> <span class='ocrx_word' id='word_1_163' title='bbox 392 2306 450 2384; x_wconf 90' lang='lat' dir='ltr'>(ep.</span> <span class='ocrx_word' id='word_1_164' title='bbox 471 2306 497 2382; x_wconf 89' lang='lat' dir='ltr'>l,</span> <span class='ocrx_word' id='word_1_165' title='bbox 514 2303 560 2389; x_wconf 84' lang='lat'>3).</span> <span class='ocrx_word' id='word_1_166' title='bbox 584 2305 671 2370; x_wconf 90' lang='lat' dir='ltr'>Idem</span> <span class='ocrx_word' id='word_1_167' title='bbox 693 2307 727 2370; x_wconf 91' lang='lat' dir='ltr'>in</span> <span class='ocrx_word' id='word_1_168' title='bbox 750 2306 885 2388; x_wconf 88' lang='lat' dir='ltr'>singulis</span> <span class='ocrx_word' id='word_1_169' title='bbox 901 2324 1021 2389; x_wconf 90' lang='lat' dir='ltr'>qnoque</span> <span class='ocrx_word' id='word_1_170' title='bbox 1035 2309 1126 2371; x_wconf 88' lang='lat' dir='ltr'>rebus</span> <span class='ocrx_word' id='word_1_171' title='bbox 1141 2305 1315 2371; x_wconf 89' lang='lat' dir='ltr'>minoribus</span> 
     </span>
     <span class='ocr_line' id='line_1_23' title="bbox 183 2387 1317 2472; baseline 0.004 -21"><span class='ocrx_word' id='word_1_172' title='bbox 183 2387 491 2452; x_wconf 84' lang='lat' dir='ltr'>observantissimum</span> <span class='ocrx_word' id='word_1_173' title='bbox 515 2408 547 2453; x_wconf 89' lang='lat' dir='ltr'>se</span> <span class='ocrx_word' id='word_1_174' title='bbox 570 2391 734 2472; x_wconf 86' lang='lat' dir='ltr'>praestitit.</span> <span class='ocrx_word' id='word_1_175' title='bbox 767 2392 838 2456; x_wconf 88' lang='lat' dir='ltr'>Dies</span> <span class='ocrx_word' id='word_1_176' title='bbox 861 2392 956 2457; x_wconf 87' lang='lat' dir='ltr'>festos</span> <span class='ocrx_word' id='word_1_177' title='bbox 977 2392 1116 2457; x_wconf 86' lang='lat' dir='ltr'>Vestales</span> <span class='ocrx_word' id='word_1_178' title='bbox 1140 2409 1158 2456; x_wconf 87' lang='lat' dir='ltr'>e</span> <span class='ocrx_word' id='word_1_179' title='bbox 1180 2409 1213 2456; x_wconf 89' lang='grc'>10</span> <span class='ocrx_word' id='word_1_180' title='bbox 1236 2392 1317 2456; x_wconf 89' lang='lat' dir='ltr'>eele-</span> 
     </span>
     <span class='ocr_line' id='line_1_24' title="bbox 182 2471 1316 2558; baseline 0.004 -22"><span class='ocrx_word' id='word_1_181' title='bbox 182 2473 286 2537; x_wconf 90' lang='lat' dir='ltr'>bratos</span> <span class='ocrx_word' id='word_1_182' title='bbox 308 2471 470 2554; x_wconf 89' lang='lat' dir='ltr'>profitetur</span> <span class='ocrx_word' id='word_1_183' title='bbox 492 2491 538 2558; x_wconf 88' lang='lat' dir='ltr'>ep.</span> <span class='ocrx_word' id='word_1_184' title='bbox 555 2474 585 2553; x_wconf 79' lang='grc'>2,</span> <span class='ocrx_word' id='word_1_185' title='bbox 609 2475 660 2553; x_wconf 80' lang='grc'>59,</span> <span class='ocrx_word' id='word_1_186' title='bbox 684 2475 723 2540; x_wconf 92' lang='lat' dir='ltr'>ad</span> <span class='ocrx_word' id='word_1_187' title='bbox 745 2476 910 2542; x_wconf 87' lang='lat' dir='ltr'>sollemnia</span> <span class='ocrx_word' id='word_1_188' title='bbox 926 2477 1084 2542; x_wconf 83' lang='lat' dir='ltr'>Minervae</span> <span class='ocrx_word' id='word_1_189' title='bbox 1099 2476 1159 2541; x_wconf 93' lang='lat' dir='ltr'>rite</span> <span class='ocrx_word' id='word_1_190' title='bbox 1175 2475 1316 2542; x_wconf 86' lang='lat' dir='ltr'>obeunda</span> 
     </span>
     <span class='ocr_line' id='line_1_25' title="bbox 183 2557 1315 2643; baseline 0.004 -22"><span class='ocrx_word' id='word_1_191' title='bbox 183 2557 326 2636; x_wconf 89' lang='lat' dir='ltr'>amicum,</span> <span class='ocrx_word' id='word_1_192' title='bbox 348 2559 384 2623; x_wconf 94' lang='lat' dir='ltr'>ut</span> <span class='ocrx_word' id='word_1_193' title='bbox 399 2557 437 2622; x_wconf 91' lang='lat' dir='ltr'>ad</span> <span class='ocrx_word' id='word_1_194' title='bbox 460 2577 493 2623; x_wconf 90' lang='lat' dir='ltr'>se</span> <span class='ocrx_word' id='word_1_195' title='bbox 509 2561 623 2640; x_wconf 87' lang='lat' dir='ltr'>veniat,</span> <span class='ocrx_word' id='word_1_196' title='bbox 647 2561 763 2625; x_wconf 84' lang='lat' dir='ltr'>inritat</span> <span class='ocrx_word' id='word_1_197' title='bbox 778 2562 898 2628; x_wconf 82' lang='lat' dir='ltr'>vietum</span> <span class='ocrx_word' id='word_1_198' title='bbox 921 2563 1017 2627; x_wconf 89' lang='lat' dir='ltr'>simul</span> <span class='ocrx_word' id='word_1_199' title='bbox 1040 2561 1238 2643; x_wconf 88' lang='lat' dir='ltr'>promittens,</span> <span class='ocrx_word' id='word_1_200' title='bbox 1261 2563 1315 2626; x_wconf 90' lang='lat' dir='ltr'>sed</span> 
     </span>
     <span class='ocr_line' id='line_1_26' title="bbox 182 2645 1314 2799; baseline 0.002 -91"><span class='ocrx_word' id='word_1_201' title='bbox 182 2661 309 2791; x_wconf 43' lang='lat' dir='ltr'>{piraeum</span> <span class='ocrx_word' id='word_1_202' title='bbox 335 2645 527 2795; x_wconf 34' lang='lat' dir='ltr'>,azggestitbu&#39;s</span> <span class='ocrx_word' id='word_1_203' title='bbox 556 2646 736 2799; x_wconf 61' lang='lat' dir='ltr'>oltusculis,5</span> <span class='ocrx_word' id='word_1_204' title='bbox 749 2647 1314 2798; x_wconf 42' lang='grc' dir='ltr'>οὲ1ἐ1111ἶ1111ἐ1015ἕ1100111111011οΐῗ3</span> 
     </span>
     <span class='ocr_line' id='line_1_27' title="bbox 250 2749 1312 2814; baseline 0.005 -23"><span class='ocrx_word' id='word_1_205' title='bbox 250 2749 355 2807; x_wconf 90' lang='grc'>10,0</span> <span class='ocrx_word' id='word_1_206' title='bbox 406 2749 745 2811; x_wconf 84' lang='lat' dir='ltr'>eeeoroeaure.,</span> <span class='ocrx_word' id='word_1_207' title='bbox 806 2784 813 2797; x_wconf 91' lang='lat'><strong>.</strong></span> <span class='ocrx_word' id='word_1_208' title='bbox 894 2781 948 2807; x_wconf 86' lang='lat'>.,</span> <span class='ocrx_word' id='word_1_209' title='bbox 1037 2750 1249 2814; x_wconf 86' lang='lat' dir='ltr'>seem1erpe</span> <span class='ocrx_word' id='word_1_210' title='bbox 1298 2752 1312 2796; x_wconf 89' lang='lat' dir='ltr'>s</span> 
     </span>
     <span class='ocr_line' id='line_1_28' title="bbox 185 2753 1314 2899; baseline 0.005 -24"><span class='ocrx_word' id='word_1_211' title='bbox 185 2813 430 2878; x_wconf 88' lang='lat' dir='ltr'>sustentaturum</span> <span class='ocrx_word' id='word_1_212' title='bbox 453 2815 572 2880; x_wconf 83' lang='lat' dir='ltr'>esseio</span> <span class='ocrx_word' id='word_1_213' title='bbox 599 2754 694 2882; x_wconf 57' lang='lat' dir='ltr'>samii</span> <span class='ocrx_word' id='word_1_214' title='bbox 718 2818 844 2882; x_wconf 89' lang='lat' dir='ltr'>deorum</span> <span class='ocrx_word' id='word_1_215' title='bbox 867 2753 1063 2882; x_wconf 59' lang='lat' dir='ltr'>ionficienuis</span> <span class='ocrx_word' id='word_1_216' title='bbox 1086 2817 1258 2899; x_wconf 89' lang='lat' dir='ltr'>promitt&#39;t,</span> <span class='ocrx_word' id='word_1_217' title='bbox 1282 2819 1314 2882; x_wconf 94' lang='lat' dir='ltr'>et</span> 
     </span>
     <span class='ocr_line' id='line_1_29' title="bbox 184 2899 1312 2979; baseline 0.004 -19"><span class='ocrx_word' id='word_1_218' title='bbox 184 2915 228 2979; x_wconf 92' lang='lat' dir='ltr'>ep.</span> <span class='ocrx_word' id='word_1_219' title='bbox 245 2899 275 2975; x_wconf 83' lang='lat'>2,</span> <span class='ocrx_word' id='word_1_220' title='bbox 293 2899 335 2962; x_wconf 83' lang='lat'>34</span> <span class='ocrx_word' id='word_1_221' title='bbox 357 2919 442 2964; x_wconf 90' lang='lat' dir='ltr'>sacra</span> <span class='ocrx_word' id='word_1_222' title='bbox 464 2902 575 2966; x_wconf 87' lang='lat' dir='ltr'>matris</span> <span class='ocrx_word' id='word_1_223' title='bbox 598 2902 698 2966; x_wconf 90' lang='lat' dir='ltr'>Deum</span> <span class='ocrx_word' id='word_1_224' title='bbox 722 2907 1002 2967; x_wconf 84' lang='lat' dir='ltr'>commemorantur</span> <span class='ocrx_word' id='word_1_225' title='bbox 1016 2903 1178 2968; x_wconf 90' lang='lat' dir='ltr'>celebrata.</span> <span class='ocrx_word' id='word_1_226' title='bbox 1203 2904 1312 2968; x_wconf 87' lang='lat' dir='ltr'>Vesta-</span> 
     </span>
     <span class='ocr_line' id='line_1_30' title="bbox 181 2984 1311 3071; baseline 0.005 -25"><span class='ocrx_word' id='word_1_227' title='bbox 181 2984 234 3061; x_wconf 84' lang='grc'>101,</span> <span class='ocrx_word' id='word_1_228' title='bbox 258 3001 335 3064; x_wconf 90' lang='lat' dir='ltr'>quae</span> <span class='ocrx_word' id='word_1_229' title='bbox 357 2986 439 3050; x_wconf 90' lang='lat' dir='ltr'>inter</span> <span class='ocrx_word' id='word_1_230' title='bbox 453 2987 623 3054; x_wconf 88' lang='lat' dir='ltr'>sacerdotia</span> <span class='ocrx_word' id='word_1_231' title='bbox 645 3007 766 3054; x_wconf 90' lang='lat' dir='ltr'>summo</span> <span class='ocrx_word' id='word_1_232' title='bbox 789 3007 911 3071; x_wconf 89' lang='lat' dir='ltr'>semper</span> <span class='ocrx_word' id='word_1_233' title='bbox 932 2989 1019 3053; x_wconf 88' lang='lat' dir='ltr'>cultu</span> <span class='ocrx_word' id='word_1_234' title='bbox 1042 2989 1207 3053; x_wconf 86' lang='lat' dir='ltr'>honoratae</span> <span class='ocrx_word' id='word_1_235' title='bbox 1229 2989 1311 3067; x_wconf 87' lang='lat' dir='ltr'>sunt,</span> 
     </span>
     <span class='ocr_line' id='line_1_31' title="bbox 182 3068 1313 3158; baseline 0.005 -27"><span class='ocrx_word' id='word_1_236' title='bbox 182 3068 382 3150; x_wconf 81' lang='lat' dir='ltr'>Symmachus</span> <span class='ocrx_word' id='word_1_237' title='bbox 399 3089 518 3156; x_wconf 91' lang='lat' dir='ltr'>quoque</span> <span class='ocrx_word' id='word_1_238' title='bbox 540 3073 702 3158; x_wconf 87' lang='lat' dir='ltr'>praecipuo</span> <span class='ocrx_word' id='word_1_239' title='bbox 724 3075 827 3139; x_wconf 86' lang='lat' dir='ltr'>lavore</span> <span class='ocrx_word' id='word_1_240' title='bbox 849 3075 1010 3156; x_wconf 84' lang='lat' dir='ltr'>amplexus</span> <span class='ocrx_word' id='word_1_241' title='bbox 1033 3075 1089 3149; x_wconf 90' lang='lat' dir='ltr'>est,</span> <span class='ocrx_word' id='word_1_242' title='bbox 1113 3073 1193 3154; x_wconf 92' lang='lat' dir='ltr'>quod</span> <span class='ocrx_word' id='word_1_243' title='bbox 1208 3081 1313 3154; x_wconf 86' lang='lat' dir='ltr'>aperte</span> 
     </span>
     <span class='ocr_line' id='line_1_32' title="bbox 184 3155 1310 3245; baseline 0.005 -29"><span class='ocrx_word' id='word_1_244' title='bbox 184 3155 397 3234; x_wconf 81' lang='lat' dir='ltr'>pronuntiavit</span> <span class='ocrx_word' id='word_1_245' title='bbox 418 3158 453 3222; x_wconf 91' lang='lat' dir='ltr'>in</span> <span class='ocrx_word' id='word_1_246' title='bbox 476 3177 522 3240; x_wconf 92' lang='lat' dir='ltr'>ep.</span> <span class='ocrx_word' id='word_1_247' title='bbox 546 3160 669 3237; x_wconf 87' lang='lat'>9,108:</span> <span class='ocrx_word' id='word_1_248' title='bbox 695 3162 768 3245; x_wconf 82' lang='lat' dir='ltr'>„sed</span> <span class='ocrx_word' id='word_1_249' title='bbox 791 3179 847 3244; x_wconf 85' lang='lat' dir='ltr'>ego</span> <span class='ocrx_word' id='word_1_250' title='bbox 869 3161 902 3226; x_wconf 91' lang='lat' dir='ltr'>in</span> <span class='ocrx_word' id='word_1_251' title='bbox 924 3178 1027 3226; x_wconf 86' lang='lat' dir='ltr'>sacrae</span> <span class='ocrx_word' id='word_1_252' title='bbox 1041 3159 1171 3242; x_wconf 85' lang='lat' dir='ltr'>virginis</span> <span class='ocrx_word' id='word_1_253' title='bbox 1194 3158 1310 3224; x_wconf 87' lang='lat' dir='ltr'>famem</span> 
     </span>
     <span class='ocr_line' id='line_1_33' title="bbox 183 3237 1293 3324; baseline 0.009 -24"><span class='ocrx_word' id='word_1_254' title='bbox 183 3237 227 3301; x_wconf 91' lang='grc'>011</span> <span class='ocrx_word' id='word_1_255' title='bbox 250 3239 351 3320; x_wconf 87' lang='lat' dir='ltr'>patior</span> <span class='ocrx_word' id='word_1_256' title='bbox 372 3241 464 3308; x_wconf 88' lang='lat' dir='ltr'>licere</span> <span class='ocrx_word' id='word_1_257' title='bbox 487 3244 710 3310; x_wconf 86' lang='lat' dir='ltr'>sermonibus“.</span> <span class='ocrx_word' id='word_1_258' title='bbox 1291 3320 1293 3324; x_wconf 46' lang='grc'>,</span> 
     </span>
     <span class='ocr_line' id='line_1_34' title="bbox 280 3325 1310 3411; baseline 0.006 -22"><span class='ocrx_word' id='word_1_259' title='bbox 280 3325 316 3389; x_wconf 83' lang='grc'>10</span> <span class='ocrx_word' id='word_1_260' title='bbox 340 3327 480 3411; x_wconf 91' lang='lat' dir='ltr'>epistolis</span> <span class='ocrx_word' id='word_1_261' title='bbox 496 3328 747 3410; x_wconf 81' lang='lat' dir='ltr'>frequentissima</span> <span class='ocrx_word' id='word_1_262' title='bbox 769 3329 899 3397; x_wconf 89' lang='lat' dir='ltr'>habetur</span> <span class='ocrx_word' id='word_1_263' title='bbox 914 3331 1039 3396; x_wconf 89' lang='lat' dir='ltr'>deorum</span> <span class='ocrx_word' id='word_1_264' title='bbox 1064 3329 1310 3396; x_wconf 86' lang='lat' dir='ltr'>commemoratio</span> 
     </span>
     <span class='ocr_line' id='line_1_35' title="bbox 180 3407 1310 3499; baseline 0.006 -28"><span class='ocrx_word' id='word_1_265' title='bbox 180 3407 338 3494; x_wconf 91' lang='lat' dir='ltr'>eiusmodi,</span> <span class='ocrx_word' id='word_1_266' title='bbox 363 3415 398 3476; x_wconf 90' lang='lat' dir='ltr'>ut</span> <span class='ocrx_word' id='word_1_267' title='bbox 420 3432 476 3490; x_wconf 90' lang='lat' dir='ltr'>res,</span> <span class='ocrx_word' id='word_1_268' title='bbox 501 3415 538 3479; x_wconf 92' lang='lat' dir='ltr'>de</span> <span class='ocrx_word' id='word_1_269' title='bbox 554 3435 613 3496; x_wconf 88' lang='lat' dir='ltr'>qus</span> <span class='ocrx_word' id='word_1_270' title='bbox 628 3416 741 3499; x_wconf 84' lang='lat' dir='ltr'>egitur,</span> <span class='ocrx_word' id='word_1_271' title='bbox 765 3435 872 3482; x_wconf 87' lang='lat' dir='ltr'>eorum</span> <span class='ocrx_word' id='word_1_272' title='bbox 894 3417 1017 3480; x_wconf 88' lang='lat' dir='ltr'>numini</span> <span class='ocrx_word' id='word_1_273' title='bbox 1039 3415 1241 3498; x_wconf 89' lang='lat' dir='ltr'>permittatur</span> <span class='ocrx_word' id='word_1_274' title='bbox 1255 3417 1310 3479; x_wconf 90' lang='lat' dir='ltr'>aut</span> 
     </span>
     <span class='ocr_line' id='line_1_36' title="bbox 181 3497 1309 3584; baseline 0.008 -29"><span class='ocrx_word' id='word_1_275' title='bbox 181 3511 214 3556; x_wconf 87' lang='lat' dir='ltr'>en</span> <span class='ocrx_word' id='word_1_276' title='bbox 236 3497 366 3578; x_wconf 87' lang='lat' dir='ltr'>antiqua</span> <span class='ocrx_word' id='word_1_277' title='bbox 381 3498 470 3564; x_wconf 91' lang='lat' dir='ltr'>modo</span> <span class='ocrx_word' id='word_1_278' title='bbox 487 3502 708 3566; x_wconf 90' lang='lat' dir='ltr'>consuetudine</span> <span class='ocrx_word' id='word_1_279' title='bbox 730 3520 838 3567; x_wconf 90' lang='lat' dir='ltr'>eorum</span> <span class='ocrx_word' id='word_1_280' title='bbox 860 3501 977 3567; x_wconf 87' lang='lat' dir='ltr'>mentio</span> <span class='ocrx_word' id='word_1_281' title='bbox 999 3502 1063 3568; x_wconf 88' lang='lat' dir='ltr'>fiat.</span> <span class='ocrx_word' id='word_1_282' title='bbox 1087 3501 1163 3567; x_wconf 79' lang='lat' dir='ltr'>Eius</span> <span class='ocrx_word' id='word_1_283' title='bbox 1187 3501 1309 3584; x_wconf 88' lang='lat' dir='ltr'>generis</span> 
     </span>
     <span class='ocr_line' id='line_1_37' title="bbox 148 3581 1307 3672; baseline 0.009 -31"><span class='ocrx_word' id='word_1_284' title='bbox 148 3646 151 3658; x_wconf 55' lang='lat'>,</span> <span class='ocrx_word' id='word_1_285' title='bbox 180 3582 266 3644; x_wconf 88' lang='lat' dir='ltr'>eunt:</span> <span class='ocrx_word' id='word_1_286' title='bbox 290 3581 356 3648; x_wconf 89' lang='lat' dir='ltr'>Deo</span> <span class='ocrx_word' id='word_1_287' title='bbox 378 3583 506 3650; x_wconf 91' lang='lat' dir='ltr'>iuvante</span> <span class='ocrx_word' id='word_1_288' title='bbox 529 3603 596 3669; x_wconf 89' lang='lat' dir='ltr'>epp.</span> <span class='ocrx_word' id='word_1_289' title='bbox 610 3587 639 3666; x_wconf 88' lang='grc'>6,</span> <span class='ocrx_word' id='word_1_290' title='bbox 663 3587 726 3663; x_wconf 82' lang='grc'>65,</span> <span class='ocrx_word' id='word_1_291' title='bbox 743 3589 771 3666; x_wconf 90' lang='grc'>7,</span> <span class='ocrx_word' id='word_1_292' title='bbox 799 3588 852 3664; x_wconf 87' lang='grc'>14,</span> <span class='ocrx_word' id='word_1_293' title='bbox 877 3587 1001 3672; x_wconf 87' lang='lat' dir='ltr'>auspice</span> <span class='ocrx_word' id='word_1_294' title='bbox 1016 3587 1081 3652; x_wconf 92' lang='lat' dir='ltr'>Deo</span> <span class='ocrx_word' id='word_1_295' title='bbox 1104 3606 1150 3670; x_wconf 91' lang='lat' dir='ltr'>ep.</span> <span class='ocrx_word' id='word_1_296' title='bbox 1177 3587 1227 3659; x_wconf 88' lang='lat'>10,</span> <span class='ocrx_word' id='word_1_297' title='bbox 1253 3588 1307 3667; x_wconf 83' lang='grc'>15,</span> 
     </span>
     <span class='ocr_line' id='line_1_38' title="bbox 178 3663 1307 3761; baseline 0.007 -35"><span class='ocrx_word' id='word_1_298' title='bbox 178 3663 248 3761; x_wconf 79' lang='lat' dir='ltr'>Iove</span> <span class='ocrx_word' id='word_1_299' title='bbox 270 3666 350 3732; x_wconf 88' lang='lat' dir='ltr'>teste</span> <span class='ocrx_word' id='word_1_300' title='bbox 373 3688 419 3753; x_wconf 91' lang='lat' dir='ltr'>ep.</span> <span class='ocrx_word' id='word_1_301' title='bbox 433 3671 462 3747; x_wconf 88' lang='lat'>9,</span> <span class='ocrx_word' id='word_1_302' title='bbox 480 3671 538 3754; x_wconf 83' lang='grc'>92,</span> <span class='ocrx_word' id='word_1_303' title='bbox 563 3671 620 3736; x_wconf 91' lang='lat' dir='ltr'>Dei</span> <span class='ocrx_word' id='word_1_304' title='bbox 637 3672 727 3738; x_wconf 82' lang='lat' dir='ltr'>venia</span> <span class='ocrx_word' id='word_1_305' title='bbox 743 3691 787 3755; x_wconf 93' lang='lat' dir='ltr'>ep.</span> <span class='ocrx_word' id='word_1_306' title='bbox 804 3674 834 3749; x_wconf 90' lang='grc'>6,</span> <span class='ocrx_word' id='word_1_307' title='bbox 860 3673 914 3756; x_wconf 92' lang='grc'>19,</span> <span class='ocrx_word' id='word_1_308' title='bbox 937 3673 1044 3738; x_wconf 84' lang='lat' dir='ltr'>divina</span> <span class='ocrx_word' id='word_1_309' title='bbox 1065 3691 1121 3756; x_wconf 93' lang='lat' dir='ltr'>ope</span> <span class='ocrx_word' id='word_1_310' title='bbox 1143 3691 1189 3753; x_wconf 89' lang='lat' dir='ltr'>ep.</span> <span class='ocrx_word' id='word_1_311' title='bbox 1203 3672 1233 3749; x_wconf 82' lang='lat'>2,</span> <span class='ocrx_word' id='word_1_312' title='bbox 1247 3672 1307 3748; x_wconf 86' lang='lat'>49;</span> 
     </span>
     <span class='ocr_line' id='line_1_39' title="bbox 178 3745 1308 3840; baseline 0.01 -30"><span class='ocrx_word' id='word_1_313' title='bbox 178 3745 282 3814; x_wconf 79' lang='lat' dir='ltr'>dimna</span> <span class='ocrx_word' id='word_1_314' title='bbox 304 3751 460 3840; x_wconf 80' lang='lat' dir='ltr'>miseratio</span> <span class='ocrx_word' id='word_1_315' title='bbox 484 3775 529 3837; x_wconf 89' lang='lat' dir='ltr'>ep.</span> <span class='ocrx_word' id='word_1_316' title='bbox 553 3756 583 3835; x_wconf 82' lang='lat'>5,</span> <span class='ocrx_word' id='word_1_317' title='bbox 606 3759 667 3835; x_wconf 85' lang='lat'>90;</span> <span class='ocrx_word' id='word_1_318' title='bbox 695 3757 722 3822; x_wconf 92' lang='lat' dir='ltr'>ei</span> <span class='ocrx_word' id='word_1_319' title='bbox 751 3758 795 3823; x_wconf 93' lang='lat' dir='ltr'>dii</span> <span class='ocrx_word' id='word_1_320' title='bbox 818 3758 955 3823; x_wconf 88' lang='lat' dir='ltr'>iuverint</span> <span class='ocrx_word' id='word_1_321' title='bbox 982 3778 1027 3840; x_wconf 91' lang='lat' dir='ltr'>ep.</span> <span class='ocrx_word' id='word_1_322' title='bbox 1053 3759 1082 3837; x_wconf 90' lang='grc'>8,</span> <span class='ocrx_word' id='word_1_323' title='bbox 1112 3758 1153 3840; x_wconf 84' lang='grc'>2,</span> <span class='ocrx_word' id='word_1_324' title='bbox 1182 3755 1308 3821; x_wconf 84' lang='lat' dir='ltr'>divinus</span> 
     </span>
     <span class='ocr_line' id='line_1_40' title="bbox 177 3831 1308 3927; baseline 0.01 -32"><span class='ocrx_word' id='word_1_325' title='bbox 177 3831 261 3899; x_wconf 80' lang='lat' dir='ltr'>lavor</span> <span class='ocrx_word' id='word_1_326' title='bbox 293 3856 360 3921; x_wconf 91' lang='lat' dir='ltr'>epp.</span> <span class='ocrx_word' id='word_1_327' title='bbox 385 3841 414 3920; x_wconf 92' lang='grc'>8,</span> <span class='ocrx_word' id='word_1_328' title='bbox 446 3841 504 3924; x_wconf 94' lang='grc'>44,</span> <span class='ocrx_word' id='word_1_329' title='bbox 532 3843 561 3923; x_wconf 88' lang='grc'>9,</span> <span class='ocrx_word' id='word_1_330' title='bbox 596 3844 655 3926; x_wconf 89' lang='grc'>73,</span> <span class='ocrx_word' id='word_1_331' title='bbox 684 3841 864 3908; x_wconf 87' lang='lat' dir='ltr'>coelestium</span> <span class='ocrx_word' id='word_1_332' title='bbox 893 3844 981 3907; x_wconf 84' lang='lat' dir='ltr'>lavor</span> <span class='ocrx_word' id='word_1_333' title='bbox 1008 3843 1108 3927; x_wconf 92' lang='lat' dir='ltr'>ep.8,</span> <span class='ocrx_word' id='word_1_334' title='bbox 1135 3842 1193 3920; x_wconf 91' lang='grc'>14,</span> <span class='ocrx_word' id='word_1_335' title='bbox 1221 3842 1308 3907; x_wconf 83' lang='lat' dir='ltr'>levor</span> 
     </span>
     <span class='ocr_line' id='line_1_41' title="bbox 177 3921 1307 4012; baseline 0.007 -30"><span class='ocrx_word' id='word_1_336' title='bbox 177 3921 320 4001; x_wconf 89' lang='lat' dir='ltr'>praesidii</span> <span class='ocrx_word' id='word_1_337' title='bbox 345 3925 486 3991; x_wconf 88' lang='lat' dir='ltr'>coelestis</span> <span class='ocrx_word' id='word_1_338' title='bbox 509 3946 554 4009; x_wconf 93' lang='lat' dir='ltr'>ep.</span> <span class='ocrx_word' id='word_1_339' title='bbox 571 3929 600 4009; x_wconf 87' lang='lat'>8,</span> <span class='ocrx_word' id='word_1_340' title='bbox 619 3929 679 4006; x_wconf 79' lang='lat'>153</span> <span class='ocrx_word' id='word_1_341' title='bbox 702 3929 767 3993; x_wconf 91' lang='lat' dir='ltr'>Deo</span> <span class='ocrx_word' id='word_1_342' title='bbox 791 3931 914 3994; x_wconf 86' lang='lat' dir='ltr'>auctore</span> <span class='ocrx_word' id='word_1_343' title='bbox 930 3947 976 4010; x_wconf 91' lang='lat' dir='ltr'>ep.</span> <span class='ocrx_word' id='word_1_344' title='bbox 994 3930 1023 4008; x_wconf 92' lang='grc'>8,</span> <span class='ocrx_word' id='word_1_345' title='bbox 1039 3929 1100 4004; x_wconf 89' lang='grc'>47,</span> <span class='ocrx_word' id='word_1_346' title='bbox 1124 3925 1307 4012; x_wconf 83' lang='lat' dir='ltr'>suffragium</span> 
     </span>
     <span class='ocr_line' id='line_1_42' title="bbox 177 4004 1306 4102; baseline 0.008 -35"><span class='ocrx_word' id='word_1_347' title='bbox 177 4004 360 4102; x_wconf 75' lang='lat' dir='ltr'>salutarium</span> <span class='ocrx_word' id='word_1_348' title='bbox 384 4012 574 4094; x_wconf 88' lang='lat' dir='ltr'>potestatum</span> <span class='ocrx_word' id='word_1_349' title='bbox 596 4033 641 4098; x_wconf 86' lang='lat' dir='ltr'>ep.</span> <span class='ocrx_word' id='word_1_350' title='bbox 666 4016 695 4094; x_wconf 88' lang='lat'>8,</span> <span class='ocrx_word' id='word_1_351' title='bbox 718 4015 774 4096; x_wconf 81' lang='grc'>59,</span> <span class='ocrx_word' id='word_1_352' title='bbox 804 4015 831 4079; x_wconf 87' lang='grc'>11</span> <span class='ocrx_word' id='word_1_353' title='bbox 853 4014 1062 4079; x_wconf 87' lang='lat' dir='ltr'>innocentiam</span> <span class='ocrx_word' id='word_1_354' title='bbox 1084 4013 1181 4079; x_wconf 86' lang='lat' dir='ltr'>divini</span> <span class='ocrx_word' id='word_1_355' title='bbox 1209 4013 1306 4094; x_wconf 89' lang='lat' dir='ltr'>respi-</span> 
     </span>
     <span class='ocr_line' id='line_1_43' title="bbox 177 4089 1305 4183; baseline 0.01 -30"><span class='ocrx_word' id='word_1_356' title='bbox 177 4089 262 4154; x_wconf 86' lang='grc'>01001</span> <span class='ocrx_word' id='word_1_357' title='bbox 284 4096 377 4175; x_wconf 90' lang='lat' dir='ltr'>ep.8,</span> <span class='ocrx_word' id='word_1_358' title='bbox 396 4097 450 4174; x_wconf 87' lang='grc'>18,</span> <span class='ocrx_word' id='word_1_359' title='bbox 474 4114 529 4178; x_wconf 92' lang='lat' dir='ltr'>ope</span> <span class='ocrx_word' id='word_1_360' title='bbox 548 4098 723 4164; x_wconf 84' lang='lat' dir='ltr'>divinitatis</span> <span class='ocrx_word' id='word_1_361' title='bbox 746 4118 793 4183; x_wconf 89' lang='lat' dir='ltr'>ep.</span> <span class='ocrx_word' id='word_1_362' title='bbox 808 4101 838 4178; x_wconf 88' lang='lat'>8,</span> <span class='ocrx_word' id='word_1_363' title='bbox 863 4101 920 4182; x_wconf 85' lang='grc'>13,</span> <span class='ocrx_word' id='word_1_364' title='bbox 943 4100 992 4165; x_wconf 91' lang='lat' dir='ltr'>dei</span> <span class='ocrx_word' id='word_1_365' title='bbox 1015 4100 1127 4166; x_wconf 87' lang='lat' dir='ltr'>salutis</span> <span class='ocrx_word' id='word_1_366' title='bbox 1150 4099 1305 4181; x_wconf 89' lang='lat' dir='ltr'>praesides</span> 
     </span>
     <span class='ocr_line' id='line_1_44' title="bbox 177 4179 1305 4268; baseline 0.01 -29"><span class='ocrx_word' id='word_1_367' title='bbox 177 4193 220 4257; x_wconf 89' lang='lat' dir='ltr'>ep.</span> <span class='ocrx_word' id='word_1_368' title='bbox 243 4179 276 4257; x_wconf 91' lang='lat'>8,</span> <span class='ocrx_word' id='word_1_369' title='bbox 300 4179 354 4259; x_wconf 90' lang='grc'>70,</span> <span class='ocrx_word' id='word_1_370' title='bbox 388 4181 446 4246; x_wconf 92' lang='lat' dir='ltr'>Dei</span> <span class='ocrx_word' id='word_1_371' title='bbox 469 4183 565 4247; x_wconf 90' lang='lat' dir='ltr'>nutus</span> <span class='ocrx_word' id='word_1_372' title='bbox 588 4202 633 4268; x_wconf 93' lang='lat' dir='ltr'>ep.</span> <span class='ocrx_word' id='word_1_373' title='bbox 658 4185 688 4259; x_wconf 88' lang='grc'>6,</span> <span class='ocrx_word' id='word_1_374' title='bbox 713 4185 772 4259; x_wconf 83' lang='grc'>33,</span> <span class='ocrx_word' id='word_1_375' title='bbox 800 4184 942 4250; x_wconf 87' lang='lat' dir='ltr'>coelestis</span> <span class='ocrx_word' id='word_1_376' title='bbox 965 4187 1102 4267; x_wconf 85' lang='lat' dir='ltr'>potestas</span> <span class='ocrx_word' id='word_1_377' title='bbox 1125 4203 1172 4268; x_wconf 91' lang='lat' dir='ltr'>ep.</span> <span class='ocrx_word' id='word_1_378' title='bbox 1195 4184 1224 4262; x_wconf 90' lang='lat'>8,</span> <span class='ocrx_word' id='word_1_379' title='bbox 1247 4183 1305 4260; x_wconf 89' lang='grc'>47,</span> 
     </span>
     <span class='ocr_line' id='line_1_45' title="bbox 177 4263 1305 4352; baseline 0.012 -29"><span class='ocrx_word' id='word_1_380' title='bbox 177 4277 244 4326; x_wconf 86' lang='grc'>0010</span> <span class='ocrx_word' id='word_1_381' title='bbox 266 4263 350 4332; x_wconf 86' lang='lat' dir='ltr'>bone</span> <span class='ocrx_word' id='word_1_382' title='bbox 365 4267 423 4332; x_wconf 92' lang='lat' dir='ltr'>Dei</span> <span class='ocrx_word' id='word_1_383' title='bbox 445 4269 535 4331; x_wconf 83' lang='grc'>10010</span> <span class='ocrx_word' id='word_1_384' title='bbox 560 4288 606 4351; x_wconf 91' lang='lat' dir='ltr'>ep.</span> <span class='ocrx_word' id='word_1_385' title='bbox 629 4269 658 4348; x_wconf 92' lang='lat'>8,</span> <span class='ocrx_word' id='word_1_386' title='bbox 682 4267 733 4333; x_wconf 84' lang='lat'>58.</span> <span class='ocrx_word' id='word_1_387' title='bbox 778 4268 1027 4336; x_wconf 70' lang='lat' dir='ltr'>commemorate</span> <span class='ocrx_word' id='word_1_388' title='bbox 1040 4271 1132 4349; x_wconf 85' lang='lat' dir='ltr'>fame,</span> <span class='ocrx_word' id='word_1_389' title='bbox 1157 4287 1217 4352; x_wconf 89' lang='lat' dir='ltr'>qua</span> <span class='ocrx_word' id='word_1_390' title='bbox 1230 4272 1305 4336; x_wconf 87' lang='lat' dir='ltr'>urbs</span> 
     </span>
     <span class='ocr_line' id='line_1_46' title="bbox 176 4345 1303 4446; baseline 0.013 -39"><span class='ocrx_word' id='word_1_391' title='bbox 176 4345 285 4446; x_wconf 77' lang='lat' dir='ltr'>misere</span> <span class='ocrx_word' id='word_1_392' title='bbox 313 4353 550 4434; x_wconf 87' lang='lat' dir='ltr'>devastabatur,</span> <span class='ocrx_word' id='word_1_393' title='bbox 584 4354 623 4420; x_wconf 95' lang='lat' dir='ltr'>ad</span> <span class='ocrx_word' id='word_1_394' title='bbox 652 4356 723 4420; x_wconf 91' lang='lat' dir='ltr'>deos</span> <span class='ocrx_word' id='word_1_395' title='bbox 755 4356 895 4439; x_wconf 84' lang='lat' dir='ltr'>confugit</span> <span class='ocrx_word' id='word_1_396' title='bbox 924 4357 1114 4435; x_wconf 81' lang='lat' dir='ltr'>exclamans,</span> <span class='ocrx_word' id='word_1_397' title='bbox 1139 4377 1185 4440; x_wconf 92' lang='lat' dir='ltr'>ep.</span> <span class='ocrx_word' id='word_1_398' title='bbox 1209 4356 1239 4435; x_wconf 82' lang='lat'>2,</span> <span class='ocrx_word' id='word_1_399' title='bbox 1264 4357 1303 4422; x_wconf 85' lang='lat' dir='ltr'>l:</span> 
     </span>
     <span class='ocr_line' id='line_1_47' title="bbox 179 4431 1303 4525; baseline 0.012 -32"><span class='ocrx_word' id='word_1_400' title='bbox 179 4431 248 4509; x_wconf 86' lang='lat' dir='ltr'>,Du</span> <span class='ocrx_word' id='word_1_401' title='bbox 270 4439 380 4520; x_wconf 85' lang='lat' dir='ltr'>patrii,</span> <span class='ocrx_word' id='word_1_402' title='bbox 412 4438 504 4505; x_wconf 87' lang='lat' dir='ltr'>facite</span> <span class='ocrx_word' id='word_1_403' title='bbox 531 4439 667 4525; x_wconf 90' lang='lat' dir='ltr'>gratiam</span> <span class='ocrx_word' id='word_1_404' title='bbox 694 4441 908 4524; x_wconf 89' lang='lat' dir='ltr'>neglectorum</span> <span class='ocrx_word' id='word_1_405' title='bbox 930 4443 1123 4518; x_wconf 85' lang='lat' dir='ltr'>sanctorum,</span> <span class='ocrx_word' id='word_1_406' title='bbox 1158 4439 1303 4508; x_wconf 89' lang='lat' dir='ltr'>miseram</span> 
     </span>
     <span class='ocr_line' id='line_1_48' title="bbox 176 4517 1304 4618; baseline 0.01 -33"><span class='ocrx_word' id='word_1_407' title='bbox 176 4517 455 4608; x_wconf 65' lang='grc'>1110001001111111</span> <span class='ocrx_word' id='word_1_408' title='bbox 485 4529 515 4593; x_wconf 93' lang='lat' dir='ltr'>et</span> <span class='ocrx_word' id='word_1_409' title='bbox 539 4528 575 4594; x_wconf 92' lang='lat' dir='ltr'>de</span> <span class='ocrx_word' id='word_1_410' title='bbox 598 4527 703 4594; x_wconf 91' lang='lat' dir='ltr'>eedem</span> <span class='ocrx_word' id='word_1_411' title='bbox 732 4546 763 4595; x_wconf 91' lang='lat' dir='ltr'>re</span> <span class='ocrx_word' id='word_1_412' title='bbox 791 4527 914 4598; x_wconf 84' lang='lat' dir='ltr'>scribit:</span> <span class='ocrx_word' id='word_1_413' title='bbox 945 4527 1053 4610; x_wconf 86' lang='lat' dir='ltr'>,Votis</span> <span class='ocrx_word' id='word_1_414' title='bbox 1077 4545 1152 4618; x_wconf 90' lang='lat' dir='ltr'>opus</span> <span class='ocrx_word' id='word_1_415' title='bbox 1175 4528 1237 4606; x_wconf 88' lang='lat' dir='ltr'>est,</span> <span class='ocrx_word' id='word_1_416' title='bbox 1268 4529 1304 4596; x_wconf 91' lang='lat' dir='ltr'>ut</span> 
     </span>
    </p>
   </div>
   <div class='ocr_carea' id='block_1_3' title="bbox 0 0 1612 5012">
    <p class='ocr_par' dir='ltr' id='par_1_3' title="bbox 0 0 1612 5012">
     <span class='ocr_line' id='line_1_49' title="bbox 0 0 1612 5012; baseline 0 5"><span class='ocrx_word' id='word_1_417' title='bbox 0 0 1612 5012; x_wconf 95' lang='lat' dir='ltr'> </span> 
     </span>
    </p>
   </div>
  </div>
 </body>
</html>
