3214 5012
292 311 342 420 30³

394 539 449 606 Sui
472 559 507 606 ea
528 543 658 608 oratoris
679 541 783 624 imago
807 540 1002 616 obversatur,
1032 557 1125 622 quam
1148 534 1309 607 unitersns
1330 541 1421 608 illius

293 627 405 691 aetatis
429 645 595 714 consensus
618 626 722 706 refert,
744 627 773 690 is
796 624 1006 709 expectatione
1028 623 1126 690 falsus
1149 645 1168 700 a
1190 625 1328 712 legendis
1350 623 1423 694 istis

292 711 476 794 fragmentis
501 712 636 779 desistet
680 712 755 778 Tres
783 711 857 776 sunt
884 709 1095 789 laudationes,
1129 729 1260 793 quarum
1287 709 1365 776 duae
1387 712 1422 777 in

293 797 548 876 Valentinianum
570 798 720 865 seniorem
735 797 930 880 Augustum,
953 797 1046 860 tertia
1067 797 1100 860 in
1116 793 1299 862 Gratianum
1314 795 1422 882 Augu-

291 885 376 948 stum
397 881 513 948 habita.
545 882 665 962 Omnia,
689 885 821 966 quaein
844 881 903 946 1111
925 882 1181 967 panegyricorum
1204 900 1314 964 genero
1337 885 1420 949 1111-

291 968 426 1051 peranda
448 969 684 1046 denotabantur,
707 969 739 1033 in
762 967 937 1051 Symmachi
960 986 1079 1048 quoque
1102 967 1291 1032 orationibus
1314 981 1421 1036 oecur-

292 1056 375 1130 runt,
399 1054 505 1118 eadem
527 1055 625 1118 nimia
647 1053 869 1136 imperatorum
891 1051 1038 1131 adulatio,
1061 1051 1144 1117 idem
1167 1053 1219 1135 qui
1243 1051 1325 1136 apud
1347 1053 1420 1119 reli·

278 1157 368 1224 equos
396 1157 504 1203 sermo.
550 1138 729 1224 Ceterarum
762 1139 937 1202 orationum
963 1137 1147 1222 fragmenta·
1165 1140 1271 1203 eadem
1299 1138 1421 1205 dicendi

292 1225 358 1290 arte
391 1220 561 1306 composita
578 1223 579 1230 ’
594 1223 767 1310 argumenti
802 1223 876 1288 sunt
906 1221 1008 1288 multo
1041 1222 1204 1288 inferioris.
1250 1221 1327 1290 Cum
1353 1243 1421 1290 mos

292 1311 395 1376 aetate
417 1309 473 1372 illa
494 1309 708 1388 increbuisset,
731 1312 767 1373 ut
790 1309 843 1392 qni
862 1308 1024 1373 consulatu
1041 1305 1218 1392 dignissimi
1233 1305 1421 1388 viderentur,

291 1415 342 1460 eos
364 1397 488 1460 senatus
504 1393 690 1478 designaret,
713 1393 867 1476 principes
883 1393 1109 1474 confirmarent,
1133 1391 1335 1482 Symmachus
1351 1413 1421 1460 ora·
1485 1407 1489 1414 ·

291 1481 375 1546 tione
398 1499 476 1562 quae
497 1480 681 1545 inscribitur
705 1480 830 1560 „laudes
853 1480 886 1544 in
915 1478 1039 1562 patres“
1063 1478 1143 1544 banc
1156 1475 1421 1549 consuetudinem

227 1636 231 1648 ,
291 1565 435 1631 omnibns
458 1584 536 1647 quae
561 1585 696 1647 unquam
719 1565 852 1630 fuissent
873 1565 973 1630 multo
989 1582 1055 1630 esse
1077 1566 1228 1647 potiorem
1251 1563 1421 1632 contendit

291 1649 437 1716 Oratione
468 1669 543 1732 ,pro
576 1656 682 1733 patre“
713 1649 812 1728 dicta,
848 1670 941 1734 quam
974 1651 1008 1715 in
1042 1651 1152 1716 senatu
1185 1649 1326 1716 habitam
1356 1670 1422 1716 esse

290 1736 432 1819 pluribus
454 1737 550 1820 ipsius
573 1737 651 1802 locis
673 1735 840 1801 manifesto
860 1735 1063 1814 convincitur,
1087 1735 1210 1801 senatui
1230 1735 1329 1820 patris
1351 1754 1422 1820 gra-

290 1824 361 1898 tias,
386 1822 438 1903 qni
461 1821 570 1884 consul
592 1822 693 1886 fuerat
715 1824 851 1900 oreatus,
885 1820 980 1886 refert
1007 1823 1039 1904 et
1066 1823 1202 1886 innova
1227 1822 1422 1888 111111111-

290 1906 392 1972 danda
413 1908 629 1972 commoratur.
665 1907 701 1972 In
726 1905 778 1986 eis,
803 1925 880 1989 quae
907 1924 979 1988 ,pro
1002 1906 1166 1990 Trygetio“
1192 1905 1281 1984 dixit,
1304 1908 1422 1972 11111-

291 1993 390 2069 ditur,
421 1994 457 2056 11
476 1993 602 2057 1111111
623 1993 741 2075 gratias
765 1993 852 2076 agat,
883 1993 964 2076 quod
992 1995 1113 2074 patrem
1139 1994 1264 2076 propter
1290 1991 1421 2057 iniurias

290 2079 354 2142 ruri
377 2077 534 2146 viventem
556 2097 627 2142 mon
649 2081 715 2142 tam
737 2077 902 2142 honorifice
925 2079 1130 2154 revocassent,
1154 2096 1213 2161 quo
1236 2075 1319 2144 facto
1343 2079 1421 2164 Try·

290 2165 419 2247 getium,
442 2163 604 2243 praeturae
627 2161 840 2240 candidatum,
864 2182 1055 2244 summopere
1078 2163 1283 2228 commendat.
1329 2162 1422 2229 cim-

221 2304 224 2312 .
292 2269 350 2332 qne
374 2267 409 2312 ea
431 2247 526 2312 fuerit
549 2248 751 2325 consuetudo,
783 2249 820 2311 ut
842 2249 894 2330 qui
924 2244 1064 2313 ordinem
1087 2249 1277 2314 senatorium
1299 2249 1422 2337 adpete-

198 2360 202 2365 ·
291 2335 361 2400 rent
382 2332 556 2398 laudatores
579 2334 736 2411 haberent,
760 2333 905 2416 aquibus
921 2331 1221 2410 commendarentur,
1244 2331 1302 2407 hoc
1322 2333 1422 2399 officio

277 2417 434 2502 'fungitur
457 2417 661 2502 Symmachus
683 2421 717 2483 in
745 2420 881 2484 oratione
906 2437 979 2499 „pro
1002 2418 1160 2502 Synesio,“
1184 2430 1246 2500 qna
1274 2439 1344 2484 eum
1366 2420 1420 2483 ho-

216 2523 217 2528 *
293 2524 366 2570 nore
394 2505 546 2572 senatorio
574 2504 705 2586 dignum
734 2503 880 2569 ostendit.
928 2502 1053 2582 „Oratio
1082 2518 1136 2586 pro
1159 2502 1287 2569 Seuero“
1314 2505 1421 2569 laudes

291 2589 508 2672 complectitur
523 2589 627 2654 Severi
647 2589 818 2667 1111111111,
842 2587 894 2671 qui
916 2592 987 2671 post
1007 2608 1135 2654 munera
1150 2589 1300 2670 quaedam
1316 2591 1421 2656 sancte

291 2673 511 2741 administrata
533 2673 567 2737 in
591 2676 735 2740 senatum
757 2675 855 2739 lactus
878 2677 952 2739 erat.

393 2758 544 2824 Attamen
572 2779 761 2843 quamquam
793 2759 966 2824 orationum
989 2759 1163 2844 fragmenta
1184 2779 1246 2825 non
1269 2759 1316 2824 ita
1338 2777 1422 2842 mag·

293 2864 366 2912 nam
389 2845 632 2926 expectationem
654 2849 797 2924 movent,
825 2845 911 2909 illius
941 2847 1023 2910 certe
1048 2847 1161 2911 aetatis
1183 2847 1422 2912 facundissimus

292 2933 323 2995 11
345 2929 567 2996 disertissimus
590 2932 671 3009 erat,
705 2949 783 3014 qnae
810 2950 858 2995 res
880 2931 1015 2996 maximo
1044 2931 1173 2997 testium
1200 2949 1326 2996 numero
1349 2948 1423 2994 con-

289 3017 408 3082 firmari
441 3015 553 3098 potest.
600 3017 683 3080 Nam
716 3018 752 3079 ut
781 3015 953 3081 Cassiodori
983 3017 1086 3081 locum
1114 3036 1209 3100 snpra
1238 3031 1422 3080 commemo-

291 3105 395 3167 ratum
418 3102 549 3178 taceam,
567 3101 650 3166 idem
674 3099 791 3166 Variar.
819 3103 868 3180 11,
895 3103 910 3166 1
933 3103 967 3166 11
989 3101 1049 3167 fine
1073 3100 1308 3188 „facundissimi
1331 3098 1421 3184 Sym·

290 3187 393 3265 machi
416 3186 564 3252 eximium
586 3186 724 3251 dictum“
749 3187 881 3270 profert,
915 3189 946 3252 et
974 3188 1076 3253 simile
1104 3186 1239 3271 legimus
1269 3185 1421 3251 iudicium

265 3269 460 3356 ,Nicephori
483 3268 560 3335 Call.
583 3273 612 3336 h.
637 3292 663 3336 e.
689 3273 744 3351 12,
775 3274 815 3337 21
845 3274 879 3337 11
907 3272 966 3337 fine
994 3275 1026 3338 et
1048 3273 1182 3338 Socratis
1205 3273 1235 3334 h.
1260 3290 1285 3332 e.
1309 3271 1345 3343 5,
1371 3267 1420 3328 14.

292 3355 358 3422 lam
393 3376 463 3422 vero
497 3375 532 3420 ex
565 3356 661 3440 ipsius
696 3359 837 3441 epistolis
871 3360 1057 3440 quantopere
1097 3357 1204 3419 laudes
1238 3353 1304 3446 eius
1339 3349 1421 3428 apud

292 3461 397 3507 omnes
421 3443 563 3526 aequales
586 3444 757 3508 celebratae
773 3445 899 3520 fuerint,
923 3439 1146 3522 cognoscimus.
1171 3435 1331 3500 Oratrones
1349 3451 1421 3498 suas

290 3526 434 3592 laudatas
464 3529 539 3593 dicit
568 3547 587 3592 a
614 3527 742 3614 Syagrio
771 3548 817 3610 ep.
843 3527 875 3606 1,
899 3525 955 3600 96;
989 3525 1027 3588 ab
1055 3523 1203 3604 Hesperio
1233 3539 1279 3602 ep.
1305 3521 1339 3597 l,
1363 3519 1420 3595 783
1467 3573 1471 3581 .
1594 3547 1595 3570 1

293 3613 485 3681 1111111111
509 3633 554 3696 ep.
578 3615 608 3691 4,
634 3615 688 3692 183
711 3614 816 3679 laudes
838 3613 901 3675 iarn
924 3613 963 3674 ad
978 3611 1137 3674 universos
1159 3612 1336 3690 penetrasse
1357 3605 1423 3686 ipse

291 3698 453 3780 profitetur
476 3718 522 3780 ep.
546 3701 576 3775 5,
599 3699 658 3763 47:
687 3697 820 3784 „Scribis
842 3694 1047 3759 reverentiam
1071 3692 1170 3757 nostri
1193 3692 1232 3756 ad
1247 3709 1352 3756 omnes
1375 3691 1422 3755 11-

291 3802 372 3867 gere.
417 3783 543 3848 Gaudeo
566 3785 744 3848 huiusmodi
767 3777 963 3857 testimonio,
998 3776 1051 3843 sed
1078 3777 1223 3859 profiteor
1250 3776 1422 3858 operatua

291 3869 373 3948 fieri,
400 3871 435 3933 ut
458 3871 565 3934 taliter
588 3870 688 3934 vireat
711 3866 898 3932 existimatio
922 3867 1018 3927 mea.“
1045 3863 1197 3929 Similiter
1219 3883 1286 3946 epp.
1313 3868 1340 3942 1,
1363 3862 1422 3938 aa,

294 3958 322 4033 1,
348 3955 423 4030 105;
448 3955 477 4033 3,
501 3956 535 4030 7;
559 3953 590 4030 5,
612 3953 663 4015 43.
701 3951 817 4030 Quanti
839 3948 964 4013 habitus
992 3949 1035 4014 sit
1056 3950 1215 4015 luculento
1244 3947 1423 4013 testimonio

292 4037 468 4105 Macrobius
491 4041 554 4115 est,
583 4037 636 4119 qui
659 4053 731 4100 enm
754 4033 939 4118 participem
962 4054 1027 4100 esse
1050 4035 1150 4101 voluit
1172 4034 1423 4108 collocutionum,

292 4144 374 4209 quas
391 4122 606 4190 Saturnalium
634 4124 770 4202 tempore
792 4121 913 4186 habitas
940 4121 1041 4205 fingit.
1087 4121 1214 4204 Saepius
1237 4117 1423 4194 1111111111-4

291 4229 376 4275 mam
399 4213 463 4275 eius
486 4207 775 4285 faoitmentionem,
800 4209 883 4273 velut
912 4208 938 4286 l,
966 4209 992 4286 1,
1016 4208 1052 4282 4;
1077 4209 1105 4283 l,
1128 4209 1158 4285 2,
1185 4207 1239 4282 14;
1277 4207 1304 4280 1,
1327 4201 1357 4279 4,
1381 4199 1423 4266 26
1512 4256 1520 4274 ,
1594 4255 1595 4276 ,

292 4297 361 4374 etc,
384 4293 542 4376 imprimis
564 4293 595 4373 5,
621 4293 653 4358 l:
678 4290 931 4372 „Quatuorsunt
953 4292 1224 4376 generedicendi:
1253 4287 1422 4372 copiosum,

292 4383 332 4446 in
348 4401 408 4462 quo
431 4380 534 4445 Cicero
557 4378 746 4459 dominatur,
768 4381 868 4458 breve,
895 4379 928 4442 in
951 4397 1010 4460 quo
1032 4377 1199 4443 Sallustius
1219 4373 1341 4458 regnat,
1364 4373 1423 4436 sic-

294 4485 373 4543 eum,
386 4467 479 4548 ¹qnod
495 4465 643 4533 Frontoni
664 4466 837 4544 ascribit-nr,
860 4465 975 4548 pingue
998 4465 1029 4530 ot
1049 4462 1203 4544 floridum,
1226 4462 1259 4525 in
1281 4475 1341 4542 quo
1356 4455 1429 4520 Plio

294 4550 363 4617 nius
386 4550 542 4620 Secundus
571 4553 728 4642 quondum
755 4553 787 4618 et
815 4569 897 4619 nunc
925 4550 1012 4616 nullo
1041 4551 1176 4617 veterum
1206 4547 1308 4614 minor
1334 4543 1422 4632 Sym·
