3214 5012
275 241 318 306 21

276 431 363 496 retur
384 428 444 493 tali
459 425 583 512 optione
606 427 645 492 ad
668 428 811 492 senatum
833 427 967 494 vachet
1015 431 1077 508 ,Te
1091 449 1123 495 er
1144 429 1182 493 o“
1204 429 1308 516 pergit
1326 427 1406 509 ,im-

274 515 411 598 peratore
434 511 603 578 Christiani
624 511 658 582 in
681 531 767 579 aram
789 511 891 578 iurare
913 515 1089 596 cogentur.“
1123 447 1187 580 gded
1210 515 1405 600 grauioribus

274 599 337 665 iam
359 599 460 664 utitur
482 598 684 683 argumentis,
708 618 778 664 cum
800 596 893 677 dicat,
917 617 978 663 nou
1000 617 1066 664 esse
1089 619 1157 666 eam
1179 601 1304 667 senatus
1324 597 1406 682 peti·

274 683 401 764 tionem,
435 685 489 752 sed
523 702 656 766 ,paucos
689 683 821 768 gentiles
850 684 1006 751 communi
1039 684 1087 750 uti
1121 685 1277 766 nomine“,
1312 704 1403 769 quam

274 771 426 838 rationem
448 768 624 836 mirabilem
645 769 726 834 certe
744 769 788 834 ita
802 770 923 852 probat,
947 773 982 834 ut
998 771 1113 850 narret,
1136 771 1209 836 ante
1231 771 1404 850 biennium,

274 876 344 924 oum
356 854 438 921 idem
450 853 623 921 aGratiano
636 856 800 938 peteretur,
813 858 970 922 senatores
980 857 1133 923 Romanos
1141 857 1173 922 et
1187 857 1402 934 ,innumeros“

275 943 351 1007 alios
367 941 531 1027 epistolam
546 938 669 1006 misisse
684 942 724 1006 ad
738 940 909 1007 Damasum
932 942 1117 1024 episcopum,
1141 961 1201 1024 qua
1216 960 1249 1007 se
1263 941 1344 1008 totos
1366 943 1405 1007 ab

275 1027 427 1094 eiusmodi
459 1025 610 1109 petitione
639 1027 801 1090 abhorrere
834 1025 1061 1110 profiterentur,
1097 1027 1300 1112 libellumque
1334 1047 1405 1094 eum

273 1133 292 1177 a
315 1113 413 1178 semet
434 1115 500 1196 ipso
523 1110 674 1178 Gratiano
696 1112 935 1178 oblatumesse.
981 1111 1120 1196 Cumque
1147 1132 1236 1178 nemo
1259 1111 1322 1178 iam
1345 1133 1405 1179 non

275 1198 441 1282 quaereret,
465 1215 600 1282 quanam
616 1196 653 1262 de
669 1217 760 1264 causa
776 1202 933 1264 senatores
946 1197 1005 1276 illi,
1023 1217 1081 1281 quo
1097 1200 1232 1282 temporo
1247 1197 1280 1264 in
1296 1199 1406 1266 senatu

274 1285 312 1351 de
334 1282 490 1367 legatione
512 1282 667 1349 mittenda
684 1282 841 1368 agebatur,
865 1301 926 1348 non
943 1284 1033 1349 modo
1058 1284 1105 1349 1111
1120 1285 1225 1349 eontra
1245 1284 1405 1360 dixissent,

275 1371 328 1436 sed
351 1369 477 1435 omuino
505 1387 544 1433 ne
571 1367 745 1438 adfuissent
768 1369 911 1451 quidem,
945 1388 1011 1434 rem
1033 1371 1217 1454 argumento
1243 1368 1406 1456 brevised

276 1455 373 1522 debili
395 1453 547 1538 praecidit
575 1453 625 1520 1111
648 1474 723 1521 usus
747 1456 865 1521 verbis:
896 1453 993 1535 ,satis
1017 1455 1187 1538 loquuntur
1210 1455 1285 1537 quid
1308 1456 1406 1522 velint

276 1541 330 1625 qui
353 1559 414 1604 non
437 1539 657 1618 interfuerunt,
681 1541 984 1624 11111111111111111,
1008 1539 1061 1624 qui
1084 1540 1167 1622 apud
1189 1541 1406 1624 imperatorem

275 1625 371 1693 locuti
394 1630 497 1692 sunt“.
542 1625 724 1708 Exemplum
753 1627 911 1693 relationis
933 1626 1044 1712 poscit,
1078 1626 1115 1690 ut
1136 1627 1257 1708 plenius
1279 1645 1406 1710 respon·

273 1712 356 1791 deat,
386 1733 458 1779 uam
481 1712 517 1777 ut
539 1731 587 1777 res
610 1711 716 1779 civiles
746 1712 880 1778 aliorum
906 1711 1021 1778 iudicio
1044 1711 1327 1792 committerentur,
1358 1713 1406 1778 ita

273 1817 398 1866 causam
420 1797 579 1880 religionis
602 1797 663 1862 sibi
692 1817 758 1863 essa
781 1796 1026 1882 relinquendam.
1071 1797 1112 1861 111
1134 1796 1290 1880 dignitate
1312 1801 1405 1881 atque

272 1882 456 1950 auctoritate
472 1901 529 1948 sua
550 1883 637 1948 nisus
659 1881 888 1967 imperatorem,
911 1881 1000 1967 quasi
1016 1883 1137 1950 senatui
1160 1901 1278 1948 morem
1295 1903 1405 1966 gerens

274 1970 341 2052 ipse
364 1987 484 2052 quoque
500 1987 519 2034 a
533 1966 682 2053 religione
698 1968 867 2036 christiana
883 1968 1060 2034 defecturus
1083 1971 1174 2048 esset,
1197 1967 1405 2034 acerbissimis

272 2053 440 2138 compellat
461 2054 579 2119 verbis:
605 2054 744 2129 „licebit
766 2053 824 2120 tibi
839 2056 878 2120 ad
895 2053 1057 2120 ecclesiam
1072 2052 1245 2133 conuenire,
1270 2056 1323 2121 sod
1337 2055 1406 2121 illio

271 2158 333 2204 non
356 2138 494 2204 iuvenies
518 2140 708 2206 sacerdotem
731 2141 787 2204 aut
814 2140 955 2204 invenies
983 2140 1190 2206 resistentem.
1236 2139 1405 2218 1111111111-

271 2223 419 2308 pondebis
442 2225 592 2290 sacerdoti
609 2225 726 2293 dicenti
749 2225 811 2300 tibi
822 2249 830 2290 :
853 2226 983 2291 Munera
1005 2224 1061 2289 tua
1082 2243 1141 2289 non
1165 2225 1287 2308 quaerit
1310 2225 1405 2290 eccle-

271 2310 334 2388 sia,
369 2309 441 2391 quia
463 2309 581 2394 templs
602 2311 770 2394 gentilium
797 2309 979 2377 muneribus
1002 2309 1178 2389 adornasti,
1213 2330 1267 2376 ara
1288 2309 1404 2377 Christi

274 2395 355 2462 dona
378 2397 432 2459 tua
453 2395 581 2478 respuit,
606 2399 752 2481 quoniam
775 2416 861 2462 aram
885 2395 1061 2462 simulacris
1084 2395 1196 2462 fecisti.
1233 2396 1299 2462 Vox
1321 2397 1405 2462 euim

273 2483 337 2557 tua,
359 2498 468 2546 manus
491 2484 546 2545 tue
568 2485 600 2546 et
623 2482 810 2564 subscriptio
837 2485 892 2547 tue
915 2500 991 2564 opus
1014 2482 1062 2546 ast
1084 2483 1194 2550 tuum:
1223 2482 1404 2566 obsequium

273 2567 365 2632 tuum
387 2565 531 2630 dominus
554 2567 647 2634 Jesus
670 2570 793 2634 recusat
815 2571 846 2632 et
868 2567 1002 2649 respuit,
1026 2566 1173 2648 quoniam
1201 2566 1294 2632 idolis
1317 2569 1404 2633 obse·

271 2653 360 2716 cutus
383 2669 423 2715 es.
449 2650 535 2715 Dixit
559 2651 641 2716 enim
664 2651 742 2717 tibi:
765 2651 835 2718 Non
851 2653 981 2736 potestis
998 2652 1115 2717 dnobus
1131 2651 1266 2719 dominis
1281 2655 1401 2727 sarrire.

273 2735 446 2820 Privilogia
469 2740 524 2801 tua
547 2738 684 2804 sacratae
707 2739 771 2804 Deo
795 2736 931 2822 rugium
959 2756 1019 2804 non
1041 2735 1157 2804 habeut
1185 2740 1216 2804 et
1238 2739 1405 2805 vendicant

270 2820 407 2903 uirgines
424 2823 564 2890 vestrae!
589 2821 649 2890 Cur
671 2823 843 2889 sacerdotes
859 2823 918 2889 Dei
939 2823 1080 2907 requiris,
1105 2821 1217 2907 quibus
1238 2823 1405 2908 petitiones

269 2907 794 2992 profarrasgentiliumpraetulisti.
816 2908 924 2974 Alieni
936 2909 1048 2974 erroris
1060 2909 1238 2975 societatem
1250 2909 1404 2990 suscipere

270 3011 331 3057 non
353 3011 527 3076 possumus.
572 2994 654 3075 Quid
685 2993 880 3076 respondebis
908 2995 957 3060 bis
980 2993 1103 3060 verbis:
1131 3013 1260 3079 puerum
1284 2995 1315 3057 te
1338 3011 1404 3058 osse

270 3079 424 3161 lapsum“.
468 3079 521 3156 At,
537 3079 648 3162 pergit,
673 3099 710 3144 ne
725 3079 886 3146 iuventute
905 3080 1030 3164 quidem
1046 3080 1145 3146 nimia
1160 3099 1230 3146 eum
1254 3077 1403 3157 excusari,

271 3182 344 3228 cum
367 3161 455 3247 pueri
478 3177 598 3247 quoque
621 3164 777 3248 intrepido
801 3183 853 3231 ore
875 3168 984 3233 eontra
1010 3166 1220 3250 persecutores
1244 3163 1405 3231 Christum

270 3248 374 3314 essent
402 3247 540 3330 professi.
585 3248 627 3314 Et
649 3251 687 3316 ad
720 3251 814 3318 tinem
835 3271 1001 3338 properans
1031 3252 1064 3316 in
1088 3250 1232 3317 Gratiani
1254 3247 1405 3312 memoria

270 3334 424 3411 subsistit,
447 3334 534 3416 quusi
549 3335 576 3400 si
593 3354 671 3420 quae
685 3339 811 3404 senatus
827 3337 989 3422 petivisset
1004 3335 1179 3402 concederet
1194 3331 1300 3395 emnia
1315 3329 1402 3393 illius

271 3421 397 3486 decreta
418 3419 654 3506 abrogarentur,
689 3422 776 3507 isque
799 3443 834 3489 eo
857 3422 982 3489 vulnere
1005 3438 1024 3485 a
1045 3418 1141 3484 fratre
1163 3415 1254 3480 illato
1276 3413 1402 3496 gravius

270 3522 362 3587 quam
386 3505 424 3569 ab
447 3504 512 3570 ullo
534 3506 623 3572 hoste
656 3507 838 3574 laederetur.
883 3506 934 3572 Ad
961 3505 1081 3591 patrem
1104 3505 1222 3583 quoquo
1244 3499 1401 3583 provocat,

269 3609 360 3674 quam
383 3589 477 3656 etiarn
499 3610 585 3656 eram
602 3591 761 3659 Victoriae
782 3593 875 3676 plane
896 3591 1092 3676 ignorantem
1114 3583 1253 3650 simulat.
1283 3583 1402 3671 „Nemo

269 3675 308 3742 ad
331 3693 380 3740 me
396 3675 520 3754 detulit,
543 3697 629 3742 aram
653 3697 718 3744 esse
741 3679 774 3742 in
798 3677 856 3742 illa
871 3676 1008 3740 Romana
1031 3671 1124 3749 curia,
1148 3689 1308 3754 nunquam
1330 3672 1401 3738 tan-

267 3762 337 3828 tum
360 3762 446 3826 nefas
469 3761 594 3842 credidi,
618 3764 700 3848 quod
721 3764 754 3828 in
777 3761 935 3827 communi
957 3758 1012 3824 illo
1028 3755 1277 3823 Christianorum
1298 3758 1401 3844 genti·
1460 3761 1466 3770 '

266 3848 405 3929 liumque
427 3847 557 3913 oonsilio
572 3848 780 3914 sacrificarent
795 3845 938 3930 gentiles,
962 3843 1018 3908 hoc
1034 3845 1090 3921 ast,
1112 3841 1302 3909 insultarent
1323 3860 1401 3928 gen·

267 3932 339 3998 tiles
376 3934 587 4014 praesentibus
623 3931 809 3998 Christianis
848 3930 879 3994 et
914 3929 1007 3994 inviti
1041 3928 1216 3994 Christiani
1252 3928 1402 3996 interesse

267 4015 426 4084 sacrificiis
449 4019 657 4103 cogerentur.“
694 4017 745 4081 Ad
760 4015 952 4097 postremum
976 4013 1090 4082 iterum
1113 4014 1331 4097 imperatorem
1346 4013 1402 4084 ad,-

266 4103 422 4186 hortatur,
447 4106 483 4169 ut
504 4103 537 4168 id
559 4101 688 4179 faceret,
716 4101 816 4183 ,quod
838 4100 933 4168 saluti
956 4120 1031 4168 suae
1054 4100 1135 4184 apud
1158 4099 1259 4166 Deum
1281 4098 1401 4166 intelli-

267 4189 353 4272 geret
375 4188 602 4270 11111111111111111.ἱ

367 4273 452 4338 Γ11111
476 4272 542 4337 erat
556 4268 715 4354 petitionis
731 4269 986 4355 symmachianos
1001 4269 1148 4338 refutatio
1169 4267 1281 4354 prima,
1306 4285 1400 4350 quam

267 4359 452 4456 Ambrosius
470 4355 524 4422 ubi
547 4355 666 4456 primus
689 4355 777 4425 illius
799 4358 928 4424 nuntius
952 4357 1071 4426 allatus
1093 4358 1141 4454 est
1162 4351 1271 4420 statim
1294 4371 1400 4450 exara-

268 4446 322 4514 vit,
347 4441 399 4508 ssd
414 4445 469 4521 rta,
494 4443 530 4508 ut
545 4441 770 4530 mtellrgamus,
791 4441 1052 4521 ratiocinationes,
1075 4439 1189 4544 qubus
1205 4435 1401 4506 adversarius
