3214 5012
262 341 307 406 20

221 585 224 594 .
265 526 384 592 derium
415 545 475 590 non
504 526 652 591 moveret.
698 521 756 590 Sed
783 523 847 588 iam
874 523 979 608 pergit
1013 523 1052 588 ad
1085 523 1211 590 tertiam
1240 522 1397 605 quendam

265 633 330 678 rem
351 610 572 693 deplorandam
594 647 634 657 -
657 611 705 674 ius
727 609 948 674 hereditarium
971 607 1183 674 sacerdotibus
1207 608 1396 690 ademptum.

265 697 449 764 Obtestatur
471 697 619 778 principis
643 694 850 774 clementiam,
875 692 905 759 id
927 695 1017 760 modo
1040 692 1226 772 concederet,
1249 713 1270 756 u
1299 695 1398 758 testa-

263 783 369 848 menta
392 799 497 846 secure
520 781 636 847 dictare
658 782 764 846 liceret
793 799 869 846 neve
891 779 1058 846 morientes
1088 779 1222 861 amplius
1246 779 1396 845 sollicita-

264 868 380 932 rentur.
405 867 471 947 Quo
495 866 576 932 enim
599 867 666 931 iure
689 884 832 932 romanas
855 865 1019 949 religiones
1037 883 1269 932 aromanarum
1291 864 1398 948 legum

266 951 388 1020 iustitia
410 953 588 1036 prohiberi?
621 949 699 1016 Cum
728 951 834 1018 liberti
860 952 967 1033 legato
994 952 1153 1031 caperent,
1189 950 1269 1014 servi
1299 948 1397 1014 testa-

264 1040 441 1106 mentorum
462 1039 529 1103 iure
551 1037 644 1119 atque
667 1034 807 1101 utilitate
830 1055 891 1102 non
915 1037 1129 1119 privarentur,
1156 1036 1237 1100 solas
1261 1035 1397 1119 virgines

265 1123 385 1188 nobiles
414 1141 632 1206 sacrorumque
657 1123 818 1187 ministros
847 1123 978 1203 praediis
1011 1121 1182 1186 hereditate
1209 1120 1396 1202 comparatis

265 1209 394 1274 excludi.
418 1208 474 1274 Nil
501 1208 598 1292 igitur
621 1208 761 1289 expedire
784 1212 906 1272 castum
929 1226 1038 1289 corpus
1061 1205 1159 1271 saluti
1181 1205 1321 1290 publicae
1345 1202 1398 1269 de·

266 1293 394 1373 vovisse,
418 1295 542 1377 imperii
565 1293 782 1358 aeternitatem
803 1292 982 1358 coelestium
1005 1291 1133 1357 numine
1156 1291 1314 1370 muniisse,
1338 1291 1396 1356 im-

265 1383 444 1462 peratorum
467 1381 561 1446 armis
584 1379 615 1443 61
639 1376 754 1463 aquilis
776 1377 926 1442 virtutem
957 1380 988 1443 et
1009 1377 1143 1460 gloriam
1165 1377 1313 1454 sociasse,
1341 1393 1397 1459 pro

265 1467 403 1531 omnium
426 1465 526 1532 salute
550 1465 623 1530 vota
645 1482 848 1548 nuncupasse,
872 1483 943 1528 oum
964 1462 1039 1527 iuris
1064 1462 1236 1528 communis
1259 1463 1397 1545 expertes

265 1555 377 1616 essent.
424 1549 613 1616 servitutem
635 1551 717 1616 certe
749 1569 784 1614 ea
807 1549 982 1614 conditione
1016 1565 1081 1613 esse
1114 1545 1285 1612 meliorem.
1331 1545 1399 1611 lstn

266 1656 335 1702 vero
358 1655 418 1702 non
441 1635 599 1719 religionis
622 1635 735 1700 finibus
766 1638 859 1718 atque
874 1635 1030 1700 terminis
1054 1634 1206 1717 descripta
1228 1651 1309 1710 esse,
1344 1632 1397 1696 sed

265 1723 360 1788 latius
394 1725 515 1803 patere,
559 1723 629 1786 cum
663 1740 699 1785 er
736 1720 793 1784 illa
826 1721 997 1786 facinorum
1038 1717 1263 1800 quodammodo
1296 1717 1398 1782 radice

265 1809 394 1872 cunctae
417 1807 545 1870 humani
567 1806 689 1890 generis
713 1805 908 1870 calamitates
932 1806 1157 1887 prorupissent.
1189 1802 1283 1866 lllinc
1304 1802 1397 1868 famis

265 1891 352 1957 illius
375 1891 526 1957 terribilis
549 1892 700 1976 originem
723 1909 788 1956 essa
812 1891 992 1972 petendam,
1022 1909 1100 1973 quae
1128 1907 1188 1954 non
1211 1891 1311 1953 terrae
1337 1887 1397 1952 ini-

265 1979 382 2060 quitate
406 1977 511 2059 aliqua
533 1981 649 2054 exorta,
678 1976 731 2042 sed
754 1975 904 2042 divinitus
927 1977 1025 2042 missa
1048 1976 1144 2050 essct3
1175 1993 1211 2039 ex
1233 1972 1398 2058 sacrilegio

265 2065 348 2128 enim
371 2063 543 2128 siccitatem
565 2061 741 2144 provenisse
769 2066 800 2125 et
832 2064 1005 2128 necessario
1027 2059 1170 2127 omnibus
1198 2058 1230 2124 id
1257 2058 1397 2142 periisse,

265 2147 345 2232 quod
368 2147 570 2232 religionibus
597 2147 745 2232 negatum
776 2149 865 2212 esset.
912 2147 1019 2229 Neque
1048 2163 1186 2226 unquam
1214 2163 1397 2225 proavorum

265 2235 471 2318 temporibus,
503 2233 556 2315 qui
589 2232 776 2316 religionum
798 2231 958 2298 ministros
985 2231 1106 2314 publice
1134 2229 1302 2308 aluissent,
1334 2228 1397 2293 tale

265 2322 430 2404 quicquam
463 2316 625 2398 accidisse,
662 2320 697 2383 ut
730 2319 870 2383 homines
905 2319 1003 2384 vitam
1033 2314 1230 2382 silvestribus
1261 2314 1397 2379 arbustis

265 2405 376 2470 misere
411 2403 621 2470 sustentarent
652 2406 683 2468 et
716 2403 945 2469 rusticanorum
978 2400 1197 2468 multitudines
1232 2399 1270 2464 ad
1303 2398 1405 2469 dodo.

266 2508 357 2554 uaeas
380 2491 504 2556 arbores
528 2489 737 2572 confugerent,
762 2508 923 2570 nunquam
946 2489 1039 2554 antea
1061 2506 1097 2552 er
1120 2504 1300 2568 quercorum
1314 2483 1398 2550 fruo-

265 2576 349 2640 tibus
372 2573 512 2643 homines
535 2575 596 2638 sibi
619 2575 738 2639 victum
760 2592 956 2654 procurasse,
990 2589 1148 2654 nunqnam
1171 2589 1205 2636 eo
1228 2571 1397 2650 devenisse,

265 2663 301 2725 ut
324 2659 435 2726 herbas
459 2659 640 2736 evellerent3
673 2677 709 2724 er
732 2659 817 2724 victu
840 2659 923 2724 enim
946 2657 1157 2724 sacerdotibus
1180 2657 1314 2741 benigne
1338 2657 1395 2722 tri·

266 2745 344 2814 buto
367 2748 520 2813 terrarum
543 2747 660 2812 fruetus
676 2745 870 2809 abundantes
887 2749 916 2808 et
934 2745 1070 2828 copiosos
1092 2741 1277 2823 provenisse,
1302 2760 1398 2824 neque

267 2850 337 2896 eam
362 2829 460 2896 fuisse
482 2831 676 2912 largitatem,
707 2828 759 2894 sed
786 2830 888 2912 potius
909 2830 1101 2916 praesidium
1124 2827 1347 2912 quodammodo
1371 2829 1402 2892 et

266 2916 447 2982 remedium.
493 2917 560 2980 Iam
585 2935 636 2982 eos
661 2913 779 2980 refellit
802 2915 1018 3000 Symmachus,
1049 2913 1102 2997 qui
1130 2934 1196 2979 rem
1222 2915 1268 2979 ita
1289 2910 1397 2976 desen-

266 3002 358 3078 dant,
393 3004 429 3065 ut
456 2999 657 3088 imperatores
680 3000 807 3082 sumptu
835 3001 959 3081 publico
990 3001 1103 3066 merito
1126 3019 1193 3066 eam
1216 2997 1397 3080 religionem

265 3087 403 3169 privasse
425 3085 544 3166 dicant,
578 3106 654 3172 quae
676 3086 778 3150 aliena
799 3090 888 3152 esset.
934 3085 1188 3170 Rempublicam,
1217 3081 1334 3166 inquit,
1359 3081 1397 3146 de

265 3172 398 3256 singulis
421 3174 560 3238 constare
582 3172 613 3236 et
635 3171 715 3255 quod
741 3171 780 3234 ab
797 3189 831 3236 ea
852 3172 1094 3254 proficisceretur
1110 3190 1216 3236 rursus
1239 3167 1397 3250 proprium

265 3257 460 3342 singulorum
483 3257 560 3322 lieri.
607 3259 830 3339 Imperatorum
854 3277 934 3334 esse,
970 3259 1005 3322 nt
1033 3277 1103 3322 oum
1131 3255 1235 3319 omnia
1257 3251 1397 3331 regerent

266 3361 357 3408 suum
384 3341 493 3425 cuique
516 3347 690 3420 servarent,
726 3343 757 3408 et
788 3362 864 3425 quae
899 3345 937 3408 ab
972 3341 1063 3406 initio
1086 3339 1232 3404 beneficia
1255 3331 1395 3404 fuissent,

265 3449 323 3493 usu
358 3430 450 3510 atque
480 3429 580 3493 aetate
613 3428 717 3494 debita
749 3427 823 3493 fieri.
869 3429 978 3507 ltaque
1005 3423 1186 3506 imperator,
1221 3423 1256 3483 ut
1289 3433 1395 3512 omnes

266 3516 365 3578 sectas
388 3532 483 3597 aeque
506 3514 695 3593 defenderet,
719 3514 762 3578 eis
786 3510 940 3594 imprimis
954 3511 1162 3592 prospiceret,
1193 3503 1396 3586 661666666-
1430 3513 1431 3517 ’

266 3597 323 3664 bns
347 3597 510 3681 aliquando
537 3599 687 3682 praesidio
716 3597 858 3662 fuissent.
903 3597 944 3659 Et
968 3591 1110 3658 Gratiani
1139 3595 1270 3655 mortem
1296 3586 1396 3652 attin-

265 3703 356 3773 gens,
381 3685 433 3766 qui
456 3685 521 3749 filio
544 3704 606 3750 666
629 3683 737 3749 6611616
760 3681 899 3747 indecore
921 3679 1077 3761 periisset,
1101 3678 1181 3740 hanc
1201 3675 1289 3740 addit
1311 3673 1396 3740 clau·
1491 3711 1509 3764 5

265 3770 382 3836 sulam:
418 3769 516 3850 ,llum
545 3771 731 3853 religionum
761 3769 879 3833 statum
908 3765 1057 3846 petimus,
1092 3761 1145 3844 qui
1172 3761 1243 3826 divo
1273 3759 1395 3842 parenti

265 3855 412 3922 culminis
437 3857 528 3921 vestri
554 3854 689 3920 servarit
711 3850 885 3934 imperium,
911 3851 964 3931 qui
987 3849 1143 3913 fortunato
1163 3847 1293 3934 principi
1317 3843 1396 3928 legi-

265 3943 358 4006 timos
381 3942 502 4006 suffecit
524 3941 659 4006 heredes.
705 3935 830 4018 Spectat
863 3935 963 4000 senior
996 3933 1050 3998 ille
1082 3932 1171 3999 divus
1199 3953 1234 3998 er
1262 3951 1329 3997 arce
1352 3929 1395 3994 si·

265 4025 355 4092 derea
377 4026 520 4092 lacrimas
545 4024 737 4089 sacerdotum
761 4027 791 4086 61
814 4039 845 4085 66
868 4020 1027 4103 culpatum
1050 4019 1141 4102 putat
1163 4038 1246 4086 more
1269 4017 1395 4094 violato,

266 4131 356 4197 quem
379 4111 513 4176 libenter
534 4111 600 4192 ipse
622 4105 766 4173 servavit.
797 4106 959 4172 Praestate
975 4106 1071 4170 etiam
1087 4106 1158 4170 divo
1181 4103 1272 4170 fratri
1294 4103 1396 4168 vestro

266 4195 360 4262 alieni
383 4197 503 4262 consilii
526 4194 759 4267 correctionem,
791 4191 890 4276 tegite
912 4193 1049 4269 facturn,
1080 4193 1160 4277 quod
1188 4189 1309 4256 senatui
1330 4185 1395 4249 dis-

266 4281 409 4365 plicuisse
440 4279 580 4346 nesciuit.
626 4278 658 4344 si
693 4279 817 4360 quidem
850 4280 986 4354 constat,
1021 4278 1089 4343 ideo
1119 4276 1273 4342 exclusam
1310 4271 1395 4354 lega-

266 4369 391 4446 tionem,
415 4385 452 4432 ne
474 4363 513 4432 ad
537 4385 607 4435 eum
629 4363 780 4430 iudicium
802 4364 963 4449 publicum
978 4363 1161 4446 perveniret.
1205 4359 1266 4424 Pro
1289 4355 1395 4422 eristi·
1502 4439 1508 4456 .

265 4450 401 4518 matione
430 4453 478 4516 est
503 4447 677 4534 temporum
705 4452 912 4534 superiorum,
947 4454 1065 4515 utnon
1092 4447 1242 4514 dubitetis
1265 4443 1396 4522 abolere,

267 4539 345 4626 quod
368 4539 562 4619 probandum
585 4545 643 4620 est,
664 4537 816 4628 principis
839 4558 899 4605 non
922 4535 1046 4603 fnisse.“
