3214 5012
258 284 299 350 38

258 471 418 538 Januariis
440 472 603 554 praeturae
624 472 759 536 urbanae
773 472 902 553 accipiet
923 473 1152 556 magistratum.
1199 475 1328 557 Quaeso,
1352 478 1388 542 ut

257 557 434 639 praesentia
455 558 510 644 tua
532 558 612 622 festa
639 560 745 622 111111
767 558 976 622 conhonestes.
1022 559 1129 624 Vale.“

356 641 435 707 uum
462 661 555 724 quam
584 642 734 707 rationem
764 642 797 705 in
820 643 960 726 epistolis
992 645 1175 726 colligendis
1199 649 1321 712 secutus
1344 649 1387 712 sit

259 727 435 812 Symmachi
458 726 541 791 filius
564 728 751 810 quaerimus,
773 729 950 809 temporum
972 729 1109 794 ordinem
1133 731 1305 797 certissime
1327 751 1388 797 uon

257 813 399 879 11111111.
443 811 491 875 Ne
519 811 552 875 in
583 831 625 890 re,
656 831 732 895 quae
758 814 832 877 adeo
862 814 946 878 omni
975 814 1067 879 dubio
1097 819 1237 897 exempta
1267 819 1323 897 est,
1353 819 1390 882 ut

258 900 442 981 quicumque
465 897 564 962 obiter
586 901 676 962 modo
699 897 821 962 litteras
844 899 1025 980 inspexerit,
1049 901 1157 965 statim
1179 901 1213 966 id
1235 903 1295 968 sibi
1317 922 1390 985 per-

257 984 396 1060 suadeat,
419 982 542 1062 tempus
562 983 679 1048 frustra
689 986 837 1062 teramus
853 984 886 1048 id
902 984 1034 1048 strictim
1050 985 1140 1050 modo
1155 987 1297 1070 attigisse
1312 989 1387 1052 satis

255 1068 325 1133 1111.
370 1069 425 1149 Ep.
450 1067 479 1144 2,
510 1067 552 1130 64
575 1069 681 1131 narrat
703 1067 916 1150 Symmachus
947 1089 980 1134 se
1007 1073 1256 1154 „praeparatione
1278 1091 1386 1137 eonsu-

256 1154 340 1218 latus
364 1150 526 1230 exerente,
557 1171 648 1234 quem
678 1152 823 1217 cecidisse
853 1153 968 1218 scimus
998 1156 1031 1218 in
1054 1175 1173 1221 annum
1195 1158 1279 1236 391.,
1309 1159 1388 1222 libro

257 1239 376 1304 decimo
399 1255 471 1304 1111
498 1239 646 1319 epistolae
669 1239 885 1317 eontinentur,
909 1258 986 1320 quae
1009 1259 1080 1304 oum
1102 1244 1141 1306 ad
1163 1243 1388 1323 praefecturam

256 1325 409 1389 urbanam
431 1323 579 1403 spectent,
611 1323 685 1387 anni
707 1323 780 1388 384.
804 1326 887 1388 sunt.
932 1325 986 1404 Ep.
1009 1324 1039 1402 5,
1066 1326 1107 1388 10
1135 1325 1293 1392 Theodoro
1316 1346 1388 1392 con·

257 1409 395 1472 sulatum
426 1408 616 1489 gratulatur,
648 1426 708 1490 quo
733 1409 786 1472 ille
808 1408 934 1472 functus
966 1410 1012 1472 111
1041 1429 1068 1474 1.
1092 1411 1176 1488 399,
1208 1415 1260 1493 qui
1289 1431 1387 1476 annus

256 1495 387 1558 ultimus
411 1492 467 1570 est,
502 1512 537 1556 ex
560 1512 619 1575 quo
645 1494 729 1559 certa
752 1493 930 1576 Symmachi
960 1494 1096 1559 111111
1119 1513 1173 1559 111
1196 1500 1335 1578 pervenit
1357 1499 1389 1562 et

255 1598 299 1660 op.
324 1579 354 1657 8,
377 1579 419 1644 69
449 1577 548 1642 filium
571 1598 664 1644 11111
694 1578 770 1643 1111
801 1579 896 1642 etiam
926 1580 1077 1644 minorem
1107 1599 1173 1645 esse
1200 1582 1274 1646 dicit
1296 1602 1387 1665 seque

255 1664 339 1730 illius
363 1663 536 1728 studiorum
559 1665 741 1746 participem
764 1663 839 1730 fieri.

355 1750 393 1812 In
409 1747 547 1828 epistolis
563 1749 759 1828 disponendis
775 1748 871 1812 Plinii
888 1750 1025 1831 exemplo
1049 1751 1160 1815 duetus
1184 1771 1250 1816 esse
1265 1751 1388 1818 videtur

255 1833 423 1899 Memmius
439 1832 652 1914 Symmachus
697 1834 781 1898 Nam
799 1834 833 1896 ut
848 1834 875 1896 11
892 1852 967 1915 quas
983 1835 1133 1916 epistolas
1151 1837 1207 1901 aut
1222 1856 1240 1901 a
1255 1837 1388 1903 Traiano

254 1918 412 2001 acceperat
433 1919 487 1982 aut
502 1917 540 1980 ad
555 1917 646 1982 illum
661 1918 799 1994 miserat,
824 1921 952 1982 seorsim
974 1920 1100 2004 collegit
1121 1921 1152 1985 11
1174 1923 1290 1986 librum
1306 1923 1388 1988 deei-

254 2023 341 2070 mum
363 2003 491 2085 reliquis
520 2003 635 2068 litteris
658 2004 690 2066 in
719 2022 830 2068 novem
859 2003 953 2069 libros
977 2005 1107 2089 digestis
1131 2007 1266 2086 addidit,
1290 2010 1388 2072 simili
1487 2026 1493 2036 ·

253 2107 378 2172 prorsus
402 2087 521 2152 ratione
536 2087 737 2171 Symmachus
762 2088 908 2170 epistolas
930 2091 963 2154 in
986 2091 1092 2155 decem
1114 2092 1209 2157 libros
1226 2093 1387 2175 disposuit,

254 2191 385 2256 quorum
408 2172 538 2237 ultimus
562 2190 611 2236 eas
641 2172 793 2250 continet,
828 2193 905 2256 quae
933 2175 965 2238 in
987 2177 1215 2256 praefecturam
1238 2181 1388 2243 urbanam

255 2260 378 2324 cadunt.
424 2257 573 2322 Attamen
604 2258 658 2322 aut
688 2258 759 2322 1111
781 2261 888 2339 postea
917 2261 1142 2325 immutabatur
1171 2264 1226 2326 aut
1255 2264 1317 2328 iam
1349 2265 1387 2329 ab

254 2344 344 2408 initio
367 2361 427 2407 non
451 2343 551 2423 certus
575 2343 606 2407 11
634 2343 779 2408 constans
816 2345 1003 2424 servabatur,
1036 2348 1163 2412 namin
1191 2349 1292 2430 priore
1314 2350 1387 2414 libri

255 2428 367 2494 decimi
396 2429 483 2509 parte
511 2429 657 2512 epistolae
684 2429 838 2527 plurimae
866 2431 1029 2512 acephalae
1058 2432 1224 2530 habentur,
1257 2454 1387 2516 quarum

254 2514 1060 2682 111111111111111·11
1084 2517 1386 2682 litabatur}

253 2684 301 2749 ita
316 2685 482 2766 descriptas
498 2684 642 2768 legimus,
666 2686 702 2750 ut
718 2703 795 2766 quas
810 2685 843 2748 at
857 2684 976 2768 patrem
990 2685 1118 2748 11111111
1132 2686 1269 2766 primum
1283 2686 1386 2749 locum

256 2769 425 2848 obtineant,
457 2771 490 2834 in
519 2771 626 2835 ceteris
658 2767 854 2854 disponendis
884 2770 957 2833 ordo
984 2787 1099 2848 eorum,
1131 2771 1171 2836 11
1201 2790 1275 2852 quos
1298 2774 1388 2838 datae

156 2883 157 2886 ¹
253 2856 335 2934 sunt,
365 2856 503 2919 servetur
524 2855 579 2935 ita,
612 2856 648 2919 ut
670 2874 747 2937 quae
776 2856 815 2919 ad
839 2876 936 2928 unum
958 2856 1131 2922 alterumve
1160 2857 1316 2939 pertinent
1338 2859 1386 2921 de-

254 2941 360 3022 inceps
389 2956 421 3004 11
452 2941 605 3022 excipiant
631 2959 730 3022 neque
752 2939 822 3006 aliis
852 2942 1046 3024 interpositis
1069 2942 1268 3007 divellantur.
1314 2942 1386 3022 Epi-

254 3027 352 3090 stolae
375 3025 414 3090 ad
436 3026 620 3109 Flayianum
651 3024 792 3108 scriptae,
823 3045 893 3090 cum
915 3027 1014 3091 maior
1036 3045 1143 3091 aarum
1166 3027 1208 3089 sit
1230 3043 1386 3102 numerus,

254 3113 287 3175 in
310 3131 408 3176 unum
431 3114 461 3175 et
484 3112 608 3192 quidem
632 3111 801 3174 secundum
824 3111 940 3174 librum
963 3112 1037 3174 sunt
1059 3112 1207 3175 redactae.
1253 3111 1291 3173 In
1315 3129 1386 3175 oon-

254 3197 414 3261 stituenda
436 3195 513 3260 serie
536 3214 651 3274 eorum,
675 3196 714 3259 ad
737 3213 813 3276 quos
828 3195 951 3260 litterae
967 3197 1057 3261 datae
1080 3197 1162 3272 sunt,
1187 3195 1260 3258 ordo
1282 3194 1386 3258 nullus

254 3283 302 3347 est
324 3280 494 3348 adhibitus.
539 3281 680 3346 Exterior
694 3281 770 3345 haec
784 3282 886 3346 forma
903 3280 1111 3362 epistolarum
1127 3282 1158 3343 in
1180 3280 1385 3343 1111111111-

253 3369 339 3432 mina
361 3367 600 3432 distributorum
623 3385 744 3432 omnem
775 3366 837 3430 fere
866 3365 1003 3429 continet
1025 3364 1274 3444 similitudinem,
1310 3381 1386 3444 quae

253 3453 334 3517 inter
358 3451 495 3518 Plinium
518 3453 550 3517 et
573 3453 793 3536 Symmachum
815 3448 990 3526 intercedit,
1014 3467 1084 3512 oum
1099 3448 1226 3531 reliquis
1249 3449 1280 3512 in
1296 3449 1386 3512 rebus

254 3556 440 3621 magnopere
463 3537 620 3602 differant.
922 3553 924 3557 ·

310 3627 312 3632 '
357 3621 435 3689 (lum
469 3622 589 3688 tamdiu
626 3622 663 3686 de
697 3619 875 3703 Symmachi
908 3617 1047 3702 epistolis
1086 3619 1239 3700 egerimus
1276 3637 1387 3701 easque

253 3709 338 3772 omni
374 3708 437 3774 iere
474 3707 658 3774 auctoritate
695 3705 935 3787 privaverimus,
978 3703 1090 3781 restat,
1128 3704 1164 3768 ut
1203 3702 1315 3786 quibus
1354 3706 1387 3767 in

253 3794 344 3858 rebus
372 3794 522 3859 excellant
550 3794 581 3858 et
608 3813 661 3859 cur
688 3794 724 3855 ut
750 3791 896 3872 legantur
919 3787 1127 3854 commendari
1151 3789 1286 3854 debeant·
1303 3789 1386 3854 dica·

253 3898 333 3944 mus.
378 3879 460 3944 Nam
494 3879 530 3942 ut
563 3897 598 3943 ex
628 3880 669 3942 eis
704 3894 849 3958 magnam
883 3873 969 3936 illius
1003 3874 1115 3937 aetatis
1150 3873 1295 3938 notitiam
1327 3893 1387 3938 non

253 3965 355 4047 petae,
389 3981 576 4046 quamquam
601 3962 754 4026 habentur
783 3959 833 4022 hie
857 3957 939 4036 illie,
974 3977 1049 4040 quae
1075 3960 1269 4023 consideratu
1295 3959 1387 4042 digna

254 4049 327 4128 sint,
358 4052 393 4114 ut
415 4066 514 4114 sermo
538 4067 608 4112 cum
631 4047 771 4123 summis,
804 4063 881 4126 quae
906 4043 939 4106 in
962 4062 996 4108 eo
1025 4063 1135 4128 genere
1167 4045 1385 4122 excelluerunt,

254 4134 389 4216 ingeniis
413 4133 676 4216 comparationem
698 4151 759 4196 non
782 4130 871 4209 ferat,
903 4129 1009 4194 tamen
1033 4131 1208 4213 expeditam
1232 4129 1385 4213 quandam

254 4237 383 4302 eamque
411 4219 533 4284 facilem
564 4218 594 4282 et
623 4215 812 4299 incomptam
839 4214 1009 4279 orationem
1032 4232 1211 4298 1111111111,
1248 4212 1386 4296 quaeda

254 4305 365 4370 iisdem
388 4306 478 4371 rebus
508 4323 628 4386 semper
650 4302 790 4386 repetitis
814 4299 899 4366 11111
929 4301 1060 4384 quodam
1084 4301 1114 4364 et
1142 4297 1310 4381 multiplici
1339 4297 1385 4362 di·

255 4390 341 4454 eeudi
363 4397 474 4474 genere
502 4397 583 4473 agat.
628 4389 675 4454 Ne
697 4388 729 4452 id
752 4385 876 4470 quidem
908 4387 993 4450 brevi
1027 4384 1317 4449 commemoratione
1339 4384 1386 4447 in-

254 4474 385 4556 dignum
407 4475 539 4554 uidetur,
573 4475 625 4557 qui
648 4473 775 4538 tandem
797 4471 916 4538 factum
940 4471 992 4549 sit,
1016 4472 1051 4534 ut
1074 4471 1227 4533 crationes
1251 4468 1384 4534 celeber-
