3214 5012
273 317 313 401 is

374 523 413 588 A.
438 521 510 588 384.
538 519 741 604 Symmachus
763 515 802 584 ad
824 519 1011 604 dignitatem
1033 521 1244 603 praefecturae
1266 522 1401 586 urbanae

274 609 464 689 pervenerat,
488 607 657 673 Gratianus
679 606 808 683 obierat,
832 605 996 690 imperium
1019 605 1259 672 Valentinianus
1282 609 1324 672 Il.
1349 608 1403 671 ob·

272 694 427 778 tinuerat,
467 691 633 756 admodum
672 690 768 756 etiarn
805 691 937 756 iuvenis.
990 693 1059 758 Iam
1096 692 1258 758 ridebatur
1292 691 1401 776 petitio

272 777 430 855 iteranda,
460 796 560 858 neque
582 796 653 841 vero
672 776 792 860 legatio
816 777 984 858 mittenda,
1015 795 1092 859 quae
1115 795 1216 842 coram
1240 779 1314 864 quid
1337 779 1402 844 vel-

272 865 338 928 lent
359 863 539 946 imperatori
562 865 734 945 exponeret,
758 863 812 927 sed
835 860 1019 946 Symmacho
1041 863 1202 945 negotium
1225 863 1333 930 datum
1356 863 1403 928 est

271 948 448 1013 scribendae
470 948 644 1031 petitionis,
675 965 752 1030 quae
776 949 815 1011 ad
838 949 943 1012 aulam
965 947 1183 1013 Valentiniani
1205 969 1259 1032 per
1281 949 1402 1034 legatos

271 1035 441 1098 deferretur
463 1033 622 1117 (Ambros.
646 1034 719 1097 obit.
732 1033 802 1096 Val.
831 1034 893 1114 19).
919 1033 965 1096 lln
989 1033 1220 1099 celeberrimam
1242 1035 1332 1099 illam
1354 1053 1402 1098 re-

271 1118 419 1184 lationem
442 1136 495 1200 pro
520 1137 574 1182 ara
595 1119 767 1195 Victoriae,
792 1137 870 1199 quae
892 1137 1048 1182 summam
1071 1120 1153 1200 apud
1176 1139 1280 1185 omncs
1304 1119 1402 1184 movit

271 1205 524 1286 expectationem,
548 1205 676 1269 deorum
700 1203 871 1268 cultoribus
895 1205 1014 1268 animos
1036 1205 1171 1269 iacentes
1194 1205 1258 1270 iam
1282 1205 1313 1270 et
1334 1223 1402 1269 om·

270 1291 361 1355 nibus
385 1289 535 1354 derebus
558 1287 756 1374 desperantes
780 1289 940 1369 excitavit,
967 1289 1132 1372 eademque
1154 1289 1401 1356 Christianorum

271 1375 422 1457 impetum
452 1375 664 1439 uehementius
695 1373 840 1439 inflatum
870 1375 1014 1439 sedatura
1044 1375 1222 1454 videbatur,
1252 1376 1401 1440 ultimum

270 1461 333 1525 fere
355 1460 539 1543 exspirantis
569 1461 703 1526 Romani
734 1460 867 1534 nominis
897 1460 1129 1536 documentum,
1165 1461 1290 1526 libellus
1319 1461 1398 1525 cele-

269 1547 421 1610 berrimus
461 1546 618 1610 communi
657 1545 794 1610 omnium
836 1545 932 1608 etiam
967 1543 1212 1610 adversariorum
1252 1563 1401 1610 consensu
1462 1595 1471 1606 .

270 1632 395 1714 propter
416 1631 544 1714 linguae
566 1631 756 1714 singularem
779 1629 957 1695 facundiam
980 1632 1011 1694 et
1025 1629 1180 1714 insignem
1204 1630 1399 1715 elegantiam,

271 1717 524 1800 argumentorum
553 1717 742 1799 gravitatem
771 1717 802 1779 et
829 1714 1035 1780 ratiocinandi
1062 1717 1238 1781 accuratam
1267 1715 1401 1799 diligen-

270 1801 358 1878 tiam,
382 1790 568 1865 nobilitatus
591 1801 686 1865 etiam
710 1821 745 1864 ex
760 1795 918 1883 scriptoris
935 1803 1070 1884 ingenua
1085 1802 1254 1880 honestate,
1278 1819 1402 1864 summa

269 1905 391 1950 morum
413 1886 609 1969 integritate,
641 1886 751 1952 eximio
772 1885 893 1968 patriae
916 1887 947 1950 'et
969 1887 1166 1968 antiquitatis
1190 1885 1309 1964 studio,
1336 1886 1401 1950 elo-

270 1972 411 2054 quentiae
434 1971 525 2036 laude
548 1972 632 2036 lama
653 1972 781 2036 illustri.
803 1971 1001 2036 ¹Etiamnunc
1023 1976 1074 2035 vix
1098 1973 1167 2051 erit,
1191 1971 1244 2055 qui
1266 1971 1401 2054 pagellis

271 2058 341 2122 istis
370 2057 514 2138 perlectis
542 2073 603 2121 non
631 2059 873 2135 commoveatur,
908 2075 978 2122 oum
1009 2057 1111 2122 videat
1140 2059 1171 2122 et
1198 2058 1296 2126 oculis
1326 2075 1399 2140 quo-

270 2142 434 2206 dammodo
458 2143 572 2221 cernat,
595 2143 629 2205 in
649 2143 770 2220 statum
793 2161 885 2224 quam
907 2143 1057 2206 humilem
1073 2141 1199 2207 redacta
1220 2143 1286 2206 sint
1299 2143 1401 2223 prisca

269 2229 376 2309 populi
388 2227 520 2292 Romani
543 2245 638 2305 sacra,
663 2245 740 2310 quae
754 2226 928 2312 privilegiis
944 2228 1088 2293 omnibus
1105 2227 1249 2309 deinceps
1265 2227 1400 2305 amissis,

271 2315 309 2378 ut
330 2314 475 2396 spiritum
498 2313 588 2378 modo
604 2319 712 2379 ducere
728 2312 789 2377 sibi
805 2313 898 2379 liceat
912 2317 1015 2395 petere
1030 2313 1183 2390 videntur,
1207 2333 1278 2378 cum
1301 2313 1399 2378 anim-

272 2398 427 2475 advertat,
457 2417 519 2480 qua
546 2400 710 2464 maiestate
741 2398 851 2463 cedant
885 2401 916 2464 et
943 2397 1108 2480 imperium
1137 2416 1194 2463 sua
1216 2397 1401 2463 fortitudine

274 2501 391 2564 suaque
413 2485 529 2548 virtute
552 2486 711 2549 conditum
733 2484 765 2547 et
789 2487 926 2562 auctum,
952 2503 1006 2547 suo
1029 2485 1182 2568 sanguine
1205 2484 1331 2566 suisque
1353 2485 1400 2548 la-

268 2569 394 2633 boribus
418 2570 456 2633 ad
478 2588 637 2634 summum
660 2568 777 2654 gloriae
798 2570 962 2652 fastigium
984 2569 1102 2633 elatum
1125 2588 1205 2635 novo
1228 2587 1311 2648 aeuo,
1336 2569 1400 2636 dis-

269 2654 366 2718 simili
394 2653 547 2731 moribns,
582 2656 702 2720 diverso
736 2655 916 2731 sententiis,
952 2654 1068 2738 dispari
1100 2655 1276 2720 hominibus
1303 2655 1398 2721 relin-

270 2740 377 2820 quant,
401 2740 498 2805 animi
522 2759 593 2805 vero
609 2738 818 2824 granditatem
834 2743 865 2804 et
880 2738 1047 2804 sublimem
1063 2741 1261 2806 nobilitatem
1276 2759 1315 2806 ne
1331 2760 1400 2806 cum

270 2825 445 2889 moriuntur
467 2825 592 2906 quidem
615 2825 773 2890 amittant.
1015 2879 1018 2884 ,

371 2911 502 2975 Exordio
525 2911 842 2994 utiturSymmaehus
866 2930 910 2988 eo,
933 2910 970 2974 nt
992 2913 1128 2978 dolorem
1151 2929 1318 2986 summum,
1339 2927 1399 2992 quo

269 2995 429 3077 perculsus
459 2997 500 3060 sit
531 2997 672 3073 senatus,
707 2997 856 3080 designet.
903 2997 1004 3060 Priori
1032 2997 1181 3081 legationi
1212 2997 1331 3062 aditum
1360 2992 1398 3056 ad

270 3079 453 3144 Gratianum
477 3087 625 3166 negatum
648 3101 714 3146 esse
737 3083 775 3146 ab
797 3081 955 3164 improbis,
983 3083 1036 3166 qui
1060 3087 1177 3167 quanta
1199 3075 1279 3147 esset
1300 3081 1400 3162 impe·

268 3165 380 3230 ratoris
408 3166 532 3231 iustitia
559 3169 651 3251 probe
686 3168 911 3251 cognovissent.
957 3167 996 3233 Se
1027 3167 1143 3253 duplici
1159 3167 1270 3233 ·olfici0
1299 3166 1398 3246 fungi,

267 3251 457 3332 praefectum
481 3271 558 3335 quae
579 3253 701 3336 publice
724 3254 812 3337 gesta
836 3257 938 3319 essent
960 3273 1134 3338 proponere,
1159 3253 1299 3334 legatum
1321 3266 1399 3328 quae

267 3335 349 3401 cives
372 3337 571 3404 mandassent
594 3341 816 3421 commendare.
849 3340 955 3420 Neque
978 3341 1096 3402 curiam
1118 3338 1182 3399 suis
1202 3333 1293 3396 modo
1312 3345 1397 3392 oom-

267 3420 367 3486 modis
390 3424 519 3501 seruire,
548 3426 600 3489 sed
629 3444 664 3489 ex
693 3425 760 3490 eius
782 3425 887 3489 studio
910 3421 1146 3502 imperatoribus
1172 3433 1290 3498 quoque
1312 3431 1397 3510 sum3

267 3523 352 3571 mam
374 3508 544 3574 utilitatem
566 3510 753 3587 redundare,
777 3509 888 3590 quippe
911 3507 965 3588 qui
986 3506 1157 3571 uberrimos
1179 3501 1252 3564 inde
1276 3501 1396 3582 capturi

267 3596 371 3656 essent
393 3593 527 3673 fructus,
556 3613 627 3660 cum
654 3613 731 3678 quae
754 3594 886 3658 maiores
912 3593 947 3654 in
976 3592 1101 3656 civitate
1121 3585 1333 3652 instituissent
1354 3583 1398 3646 le-

267 3679 417 3761 gibusque
440 3679 631 3760 firmassent,
666 3680 921 3744 conservarentur
944 3680 1038 3758 atque
1058 3673 1310 3770 defenderentur,
1341 3687 1397 3769 pa-

267 3763 406 3844 iriaeque
429 3766 560 3850 gloriam
583 3785 616 3832 eo
639 3767 704 3830 iore
727 3765 904 3839 clariorem,
939 3779 998 3843 quo
1020 3758 1121 3842 magis
1144 3759 1316 3843 principes,
1350 3756 1397 3819 nil

268 3849 329 3914 sibi
357 3857 463 3914 contra
489 3869 608 3916 morem
636 3853 801 3934 parentum
831 3849 922 3911 licere
950 3846 1187 3911 intellexissent.
1231 3843 1397 3908 lulianum

267 3937 392 4017 patrum
414 3937 597 4001 cerimonias
626 3935 772 4010 coluisse,
796 3931 1052 3997 Valentinianum
1074 3931 1098 3994 Ι.
1127 3950 1188 3996 non
1217 3928 1395 4003 sustulisset

267 4016 358 4084 huius
380 4020 478 4104 igitur
499 4021 676 4087 imitaretur
703 4018 893 4098 exemplum,
929 4016 956 4078 si
983 4017 1069 4082 illius
1097 4014 1284 4081 sententiam
1312 4014 1396 4094 sequi

268 4123 327 4169 non
352 4111 465 4187 posset.
490 4107 661 4186 Quemnam
683 4101 809 4168 tandem
833 4119 899 4165 esse
923 4103 1024 4168 animo
1047 4104 1100 4168 ita
1109 4101 1248 4168 barbaris
1265 4097 1396 4172 addicto,

267 4195 302 4255 ut
325 4191 480 4257 Victoriae
502 4209 589 4254 aram
612 4211 673 4255 non
694 4189 854 4270 requirat?
883 4186 1073 4254 liedderetur
1096 4207 1168 4274 ergo
1192 4185 1311 4252 nomini
1333 4179 1396 4277 sal-

266 4283 331 4340 tem
352 4276 457 4354 honor,
482 4276 534 4360 qui
557 4276 678 4340 numini
700 4275 875 4357 negaretur.
915 4273 1017 4352 „Nam
1038 4275 1158 4339 multa“
1184 4271 1290 4354 inquit
1306 4265 1395 4346 ,Vre

267 4363 365 4426 toriae
380 4364 480 4427 debat
502 4365 671 4426 aeternitas
693 4364 851 4426 vostrast
874 4359 974 4425 adhuc
997 4362 1088 4444 plura
1110 4356 1244 4424 debebit:
1277 4350 1396 4417 Adver-

267 4449 374 4510 seutur
407 4448 487 4512 hanc
514 4451 717 4529 potestatem,
751 4449 862 4532 quibus
893 4445 973 4510 nihil
1001 4447 1124 4529 profuit.
1155 4442 1233 4506 Vos
1263 4437 1397 4502 amicum

267 4533 432 4614 triumphis
457 4535 666 4620 patrocinium
694 4536 791 4606 nolite
820 4533 967 4601 deserere.
1012 4531 1140 4598 Cunctis
1167 4524 1309 4618 potentia
1335 4523 1398 4591 ista
