3214 5012
1300 326 1320 388 3

144 503 150 520 '
186 509 444 592 1111611616,
472 509 584 592 quibus
611 507 823 594 sperabatur“.
867 508 1180 576 116661116661111111
1203 512 1322 592 quoque

192 597 285 662 refert
306 597 398 661 initio
421 596 569 662 orationis
597 615 651 678 pro
675 595 823 680 Trygetio
846 594 987 677 habitae,
1016 599 1097 662 unde
1119 595 1319 680 intelligitur,
1356 631 1358 636 ·

191 683 413 766 Symmachum
439 681 527 765 gravi
554 681 611 746 hac
644 683 744 764 plebis
773 680 889 746 offensa
917 681 1036 755 laesum
1069 701 1123 747 uus
1156 681 1323 746 decessisse

191 769 298 850 ibique
326 768 466 832 animum
493 767 673 834 litterarum
706 767 819 832 studiis
848 767 1047 846 exhilaresco,
1081 767 1224 833 senatum
1251 784 1322 832 uero

192 852 357 922 1611111111
378 853 553 918 absentiam
581 871 642 918 non
664 851 791 932 tulisse,
815 852 870 917 sed
892 869 1029 917 summos
1052 851 1324 934 nobilissimosque

191 937 273 1002 uiros
295 938 335 1004 ad
356 956 428 1002 eum
449 938 570 1021 legatos
593 937 726 1017 misisse,
750 937 804 1020 qni
826 941 862 1002 ut
877 938 1009 1003 Romam
1023 937 1138 1002 rediret
1160 956 1233 1002 eum
1254 954 1323 1002 eno·

191 1026 324 1088 1616111·
350 1023 439 1088 Idem
460 1027 602 1088 narratur
625 1025 681 1106 lip.
706 1025 734 1104 1,
757 1023 850 1108 44*).
907 1105 910 1113 Ι

294 1125 412 1204 liciis,
435 1142 511 1206 quae
533 1143 631 1210 pauca
653 1127 743 1191 modo
765 1127 891 1208 protuli,
915 1126 979 1190 iam
1001 1124 1205 1209 cognoscitur,
1229 1124 1324 1190 Aria·

192 1209 281 1274 nium
310 1210 530 1294 Symmachum
560 1212 693 1293 publicis
720 1212 888 1278 honoribus
922 1211 1052 1277 summis
1085 1214 1230 1277 ornatum
1263 1229 1324 1277 non

192 1297 297 1362 minus
318 1298 495 1362 htterarum
518 1298 619 1382 gloria
641 1298 833 1364 excelluisse.
856 1297 943 1362 Inter
965 1299 1100 1362 oratores
1124 1299 1206 1362 certe
1228 1297 1323 1362 habe·

192 1383 282 1446 batur
304 1381 532 1464 celeberrimus,
556 1401 744 1466 quamquam
767 1383 1045 1460 nohisaocuratius
1068 1384 1101 1448 in
1123 1383 1156 1447 id
1170 1382 1324 1463 inquirere

193 1468 360 1550 nonlicet,
384 1485 455 1532 cum
477 1470 651 1534 orationum
680 1488 719 1534 ne
746 1470 921 1552 fragmenta
949 1468 1075 1548 quidem
1103 1470 1236 1532 minima
1258 1485 1323 1533 ser·

192 1557 266 1618 vata
288 1556 361 1620 sint.
405 1553 456 1618 nd
478 1555 614 1636 reliquas
636 1555 812 1619 litterarum
835 1555 941 1618 laudes
964 1555 1166 1619 illustrandas
1189 1555 1324 1618 multum

192 1638 335 1702 iuvamur
357 1639 489 1720 epistola
503 1658 574 1717 una,
597 1657 691 1720 quam
707 1640 747 1704 ad
761 1640 862 1703 filium
884 1640 981 1718 misit,
1005 1639 1038 1702 et
1058 1639 1226 1718 nonnullis,
1248 1657 1324 1719 quas

186 1723 276 1808 *filius
304 1723 343 1788 ad
376 1742 448 1788 eum
475 1723 575 1803 dedit,
609 1743 687 1806 quae
721 1726 816 1789 etiam
843 1727 1028 1805 superstites
1057 1726 1090 1788 in
1119 1726 1320 1807 epistolarum

193 1809 273 1872 libro
300 1808 401 1890 primo
429 1809 583 1881 habentur
605 1812 733 1891 primae.
772 1810 1104 1894 Hinccoguoscimus,
1129 1829 1199 1875 eum
1222 1809 1324 1888 otien-

192 1896 259 1959 tem
288 1896 349 1958 arti
376 1895 514 1977 poeticae
543 1913 661 1978 quoque
693 1913 818 1978 operam
845 1896 992 1976 dedisse,
1013 1915 1087 1961 nam
1120 1897 1153 1960 in
1181 1915 1228 1977 ep.
1254 1895 1325 1974 1,2

193 1981 268 2044 haec
299 1981 453 2046 habentur
476 1983 569 2046 verba
601 1982 641 2045 ad
673 1980 775 2046 filium
811 1981 940 2062 scripta:
979 1981 1118 2059 ,inveni,
1151 1982 1233 2064 quod
1259 1980 1325 2044 illis

193 2064 298 2148 libris,
322 2082 396 2147 quos
419 2084 515 2147 nuper
537 2066 740 2146 dictaveram,
769 2067 923 2148 possimus
946 2067 1086 2131 adiicere.
1122 2066 1189 2133 Scis
1212 2067 1326 2130 Teren-

194 2152 286 2229 tium,
309 2169 371 2214 non
395 2157 556 2231 comicum,
579 2152 633 2216 sed
654 2153 823 2217 Reatinum
845 2152 938 2216 illum
959 2152 1116 2216 Romanae
1142 2151 1325 2216 eruditionis

193 2239 354 2316 parentem
383 2236 595 2301 hebdomadon
624 2237 720 2303 libros
751 2237 1010 2320 epigrammatum
1037 2238 1210 2302 adiectione
1243 2254 1325 2301 con·

87 2365 91 2372 -
193 2320 295 2386 diisse.
330 2321 416 2385 Illud
437 2339 508 2401 nos,
531 2323 558 2387 si
580 2324 644 2388 fors
668 2324 790 2405 tulerit,
814 2341 962 2399 conamur
983 2323 1134 2387 imitari“.
1171 2323 1246 2386 llius
1269 2339 1321 2403 ge·

193 2406 277 2470 neris
299 2405 527 2488 epigrammata
549 2408 692 2472 feruntur
714 2409 848 2490 quinque
870 2408 966 2473 etiam
993 2408 1027 2471 in
1055 2409 1162 2474 eadem
1191 2409 1322 2488 epistola

194 2492 370 2556 hexametro
392 2510 484 2558 versu
506 2496 638 2558 exarata.
682 2494 796 2572 Quanti
818 2514 837 2558 a
858 2493 923 2558 filio
945 2495 1048 2558 factus
1070 2495 1122 2572 sit,
1146 2493 1326 2558 documento

192 2581 268 2642 sunt
291 2578 385 2642 verba
407 2579 596 2644 laudabilius
619 2582 700 2644 certe
716 2597 809 2661 quam
825 2579 928 2646 uerius
944 2579 1116 2662 composita
1130 2577 1163 2642 in
1179 2597 1225 2660 ep.
1245 2581 1272 2658 1,
1288 2579 1324 2644 3:

197 2663 304 2741 ,Unus
327 2665 430 2728 aetate
453 2665 559 2730 nostra
581 2665 739 2729 monetam
762 2665 884 2731 latiaris
907 2667 1020 2747 eloquii
1045 2664 1188 2729 Tulliana
1216 2664 1325 2729 incude

196 2748 325 2814 tinxisti.
362 2749 518 2831 Quicquid
540 2751 573 2813 in
595 2752 695 2833 poetis
717 2750 870 2832 lepidum,
899 2762 981 2834 apud
1005 2753 1139 2815 oratores
1163 2767 1269 2834 grave,
1292 2750 1326 2812 in

197 2834 361 2898 aunahbus
383 2834 489 2916 fidele,
512 2835 595 2900 inter
616 2837 835 2919 grammaticos
857 2837 1011 2900 eruditam
1034 2835 1112 2916 luit,
1142 2837 1226 2900 solus
1248 2836 1327 2899 hau-

196 2917 280 2998 sisti,
315 2919 415 2983 iustus
443 2920 530 2984 heres
557 2924 695 2986 veterum
726 2921 903 2986 litterarum
933 2920 1199 3002 ...apprime
1231 2920 1324 2983 calles

196 3004 316 3086 epicam
339 3003 552 3086 disciplinam,
588 3026 650 3072 non
677 3007 780 3073 minus
807 3008 980 3091 pedestrem
1009 3007 1123 3071 lituum
1146 3007 1253 3070 doctus
1279 3006 1325 3068 in·

195 3094 270 3152 dare
294 3137 301 3153 .
325 3137 333 3152 .
357 3139 363 3151 .
387 3092 495 3155 orandi
517 3111 611 3173 aeque
634 3111 765 3177 magnus
786 3101 818 3158 et
840 3093 1000 3158 cauendi“.
1024 3095 1069 3156 De
1092 3092 1326 3174 epigrammatis

196 3174 273 3256 ipsis
295 3175 362 3258 agit
384 3194 431 3258 ep.
457 3178 485 3254 1,
508 3177 544 3241 4:
570 3177 734 3263 „Studium
757 3180 881 3260 quidem
903 3178 1061 3263 Menippei
1085 3177 1229 3242 Varronis
1252 3177 1324 3239 imi-

196 3261 283 3338 taris,
305 3259 359 3324 sed
382 3263 480 3327 uineis
501 3263 672 3348 ingenium.
696 3263 779 3328 Nam
803 3283 880 3346 quae
902 3264 935 3326 in
958 3266 1113 3329 nostrates
1129 3263 1210 3326 viros
1231 3279 1327 3344 nuper

195 3346 300 3410 condis
322 3346 555 3430 epigrammata,
579 3353 654 3431 puto
677 3351 890 3415 hebdomadon
912 3349 1022 3432 elogiis
1037 3349 1218 3430 praenitere,
1243 3347 1324 3430 quod

196 3432 269 3495 haec
292 3447 387 3513 aeque
410 3434 528 3511 sobria,
561 3453 618 3500 nec
646 3437 750 3501 tamen
777 3451 865 3500 casca
887 3441 971 3500 sunt.
1015 3434 1075 3497 llla
1099 3437 1174 3506 hono
1197 3432 1324 3498 metallo

195 3535 268 3580 cusa
295 3520 384 3582 torno
411 3519 495 3604 erigi
517 3520 703 3585 nescierunt.
728 3523 768 3593 Et
790 3521 944 3586 dmiorem
967 3519 1130 3584 materiam
1152 3518 1213 3584 nisi
1235 3518 1327 3584 fallor

195 3602 355 3666 adniteris.
400 3603 459 3668 1116
482 3605 706 3689 Pythagoram,
736 3607 789 3689 qui
816 3606 936 3671 animas
964 3607 998 3670 in
1020 3603 1240 3669 aeternitatem
1261 3603 1326 3685 pri-

196 3705 266 3750 mus
287 3690 430 3768 asseruit,
454 3689 509 3754 ille
530 3691 703 3772 Platonem,
726 3693 780 3774 qui
802 3695 874 3758 deos
898 3710 963 3756 esse
985 3689 1154 3774 persuasit,
1177 3690 1327 3754 11161111-

197 3775 442 3859 6161616111,,6111
471 3778 616 3841 naturam
647 3781 722 3843 bene
745 3778 890 3860 loquendi
919 3777 953 3840 in
981 3778 1080 3842 artem
1102 3775 1237 3858 redegit,
1272 3774 1327 3838 ille

197 3874 361 3939 pauperem
380 3861 519 3944 omium,
542 3863 595 3929 sed
618 3863 768 3928 diuitibus
791 3861 1112 3945 imperitantemsille
1134 3877 1254 3926 seueros
1268 3859 1328 3924 Oa·
1403 3941 1408 3948 .

197 3953 294 4020 tones,
314 3947 440 4030 gentem
451 3949 589 4029 Fabiam,
608 3949 912 4032 decor-ascipionum,
927 3950 1090 4030 totumque
1103 3946 1197 4012 illum
1211 3946 1326 4009 trium-

196 4027 320 4112 phalem
350 4035 493 4097 senatum
515 4051 606 4115 parca
627 4034 718 4099 laude
740 4036 939 4116 perstrinxit,
969 4037 1003 4098 tu
1025 4036 1142 4098 ruinam
1169 4032 1326 4116 proximae

196 4115 309 4179 aetatis
332 4115 503 4186 illuminas.
542 4119 678 4185 Difficile
700 4121 786 4197 factu
808 4122 871 4199 est,
897 4123 932 4184 ut
953 4121 1049 4184 honor
1073 4118 1213 4202 angustis
1235 4115 1326 4184 rebus

194 4202 358 4268 addatm·“.
397 4205 455 4270 His
478 4205 554 4270 locis
582 4204 641 4270 etei
664 4205 802 4272 libenter.
819 4206 1016 4273 concedimus
1042 4209 1141 4290 patris
1164 4205 1329 4271 laudema

296 4505 322 4576 ²⁸)
349 4503 503 4578 Symmachi
520 4504 694 4590 epistolarum
717 4518 780 4564 usus
801 4518 862 4563 sum
880 4501 997 4564 editione
1014 4518 1052 4572 ea,
1070 4514 1137 4574 quae
1155 4517 1171 4557 a
1189 4499 1232 4557 lo.
1251 4493 1322 4555 Phil.

196 4568 280 4630 Pareo
299 4581 439 4647 procurate
457 4578 560 4648 produt
578 4579 692 4648 Neapoh
708 4577 853 4634 Nemetum
871 4591 895 4633 a.
915 4581 988 4633 1611.

1192 4661 1228 4712 Ῑϋ
