3214 5012
289 257 332 326 26

289 444 536 528 scriptiunculas,
560 445 665 528 plures
688 444 821 529 quidem,
845 445 881 510 ut
895 446 1030 512 indicare
1054 447 1137 528 licet,
1162 448 1337 533 deperditas
1354 469 1423 516 esse

263 533 371 598 certe
399 550 460 596 non
490 530 583 596 nimis
613 530 761 596 dolemus.
806 529 857 594 Ad
887 550 941 595 nos
975 551 1137 614 pervenero
1168 535 1226 600 duo
1254 535 1421 601 Prudentii

287 615 362 682 libri
378 617 517 684 versibus
538 615 725 683 hexametris
741 618 773 681 in
790 617 1009 700 Symmachum
1032 619 1149 704 scripti.
1174 620 1261 704 digni
1282 620 1419 699 omnino,

287 701 340 786 qni
355 703 509 792 legantur.
554 703 591 769 Iu
614 702 711 767 altero
733 702 841 768 libello
857 703 984 767 deorum
1007 704 1136 768 numina
1158 705 1331 804 generatim
1352 726 1420 792 per-

288 791 391 854 censet
414 791 503 870 poeta
525 789 723 868 christianus,
747 787 779 852 in
802 787 898 854 altero
921 789 1021 870 ipsam
1045 789 1222 875 Symmachi
1247 794 1420 858 oratronem

287 874 348 940 sibi
374 873 619 958 redarguendam
652 873 822 955 proposuit.
868 871 975 955 Neque
1003 894 1073 940 vero
1102 878 1171 942 tum
1204 877 1353 943 ultimum
1382 879 1419 943 de

287 978 341 1024 ara
363 958 519 1023 Victoriae
546 964 652 1025 actum
680 959 735 1023 est.
780 958 944 1023 Postulata
977 961 1099 1042 saepius
1132 961 1265 1044 repetita
1299 983 1419 1045 semper

240 1074 242 1076 ·
287 1044 536 1128 negligebantur,
560 1045 647 1110 velut
663 1065 689 1109 a.
706 1044 778 1110 388.
796 1062 814 1107 a
829 1045 1007 1122 Theodosio,
1023 1066 1049 1110 a.
1068 1047 1139 1112 392.
1156 1048 1416 1126 aValentiniano;

286 1149 347 1214 qua
369 1129 406 1194 de
429 1149 461 1193 re
485 1125 553 1213 agit
567 1128 709 1198 Ambros.
727 1149 772 1211 ep.
789 1130 840 1194 57.
865 1131 896 1194 et
918 1130 1072 1215 imprimis
1084 1132 1214 1215 Prosper
1230 1133 1416 1218 Aquitanos,

284 1234 445 1299 perquem
468 1214 622 1294 docemur,
646 1215 711 1280 eius
728 1233 848 1298 quoque
870 1215 1041 1299 petitionis,
1065 1236 1142 1300 quae
1157 1219 1196 1283 ad
1212 1219 1417 1284 Theodosium

284 1299 382 1367 missa
397 1301 454 1378 est,
478 1303 635 1366 auctorem
649 1300 746 1366 fnisse
762 1300 992 1384 Symmachum,
1017 1322 1148 1385 eumque
1172 1304 1210 1368 ab
1233 1305 1423 1388 imperatore

285 1384 421 1470 graviter
436 1404 503 1449 csse
525 1387 680 1467 punitum,
705 1405 782 1469 quae
805 1405 860 1463 res,
883 1386 942 1450 nisi
963 1387 1269 1472 religiosissimorum
1290 1391 1415 1456 testium

284 1471 343 1536 fide
372 1468 554 1537 confirmata
585 1472 658 1552 erit,
688 1491 721 1536 ec
751 1490 806 1538 nos
828 1471 955 1538 habebit
983 1474 1081 1557 magis
1110 1474 1300 1554 incredulos,
1335 1476 1416 1558 quod

284 1557 451 1648 maximam
479 1558 582 1640 atque
599 1556 760 1624 insolitam
782 1557 944 1624 Theodosii
972 1558 1005 1622 in
1034 1559 1252 1644 Symmachum
1282 1562 1416 1626 elemen-

284 1642 361 1708 tiam
383 1643 447 1708 iam
470 1643 622 1709 novimus.
666 1643 811 1721 Narratio
833 1644 908 1710 haec
929 1643 1081 1726 Aquitani
1103 1645 1233 1711 habetur
1254 1647 1288 1713 in
1311 1646 1417 1712 libello

283 1727 320 1792 de
342 1728 598 1810 promissionibus
624 1729 692 1806 Dei,
723 1729 810 1810 parte
833 1731 877 1810 3.,
906 1730 1107 1812 promissione
1136 1733 1204 1798 ss:
1235 1732 1426 1811 „Theodosii

283 1831 354 1878 vero
387 1812 526 1897 religiosi
563 1813 713 1896 principis
742 1813 871 1896 imperio
903 1834 955 1894 per
979 1816 1107 1884 Jovium
1140 1816 1171 1882 et
1205 1817 1416 1883 Gaudentium

283 1897 410 1964 comites
439 1898 543 1965 omnia
571 1900 689 1981 templa
724 1900 890 1981 expoliata,
930 1920 1006 1984 quae
1037 1921 1116 1967 vana
1144 1901 1310 1986 figmenta,
1346 1903 1415 1986 quis

282 1985 424 2049 nostrum
452 1985 645 2066 permittitur
675 1986 826 2069 ignorare.
871 1983 927 2050 Oui
950 1986 1150 2070 Symmachus
1179 1987 1248 2068 ille,
1277 1987 1416 2053 mirabili

282 2069 403 2153 cloquio
426 2072 458 2134 et
486 2071 613 2136 scicntia
641 2071 813 2151 praeditus,
841 2076 1000 2153 praeconio
1023 2074 1151 2138 laudum
1173 2074 1206 2136 in
1235 2075 1415 2140 consistorio

282 2155 419 2231 recitato,
455 2155 564 2220 subtili
596 2155 671 2232 arte,
706 2173 766 2238 qua
794 2156 900 2234 valuit,
939 2177 1025 2222 aram
1054 2159 1207 2224 Victoriae
1240 2161 1273 2223 in
1306 2159 1415 2224 senatu

282 2239 407 2304 restitui
429 2239 598 2306 christiano
620 2242 657 2305 nt
679 2243 805 2306 noverat
828 2241 958 2324 principi
980 2243 1147 2308 intimavit.
1187 2244 1285 2324 Quem
1306 2245 1414 2310 statim

282 2345 300 2390 a
322 2326 386 2391 suis
410 2326 585 2406 aspectibus
608 2327 733 2410 pulsum
755 2327 787 2390 in
810 2326 976 2391 centesimo
999 2327 1101 2411 lapide
1123 2327 1235 2414 rhedae
1257 2348 1317 2395 nou
1333 2330 1414 2395 stra-

283 2412 333 2476 tae
355 2412 535 2493 impositum
558 2431 593 2478 ea
616 2413 665 2477 die
686 2431 811 2480 manere
834 2412 1017 2495 praecepit.“

598 2615 643 2684 Ν.
668 2616 712 2684 be
736 2615 922 2700 Symmachi
947 2617 1093 2702 seriptis.

379 2755 458 2822 Cum
481 2756 580 2821 adhuc
602 2756 639 2821 de
666 2755 789 2838 publica
812 2754 990 2838 Symmachi
1018 2757 1084 2822 vita
1117 2758 1280 2840 egerimus,
1315 2761 1413 2824 altera

279 2845 376 2906 restat
399 2861 470 2924 pars
492 2842 687 2918 absolvenda,
712 2861 789 2923 quae
812 2842 860 2906 est
874 2840 911 2906 de
934 2842 1064 2906 summis
1087 2842 1242 2922 laudibus,
1266 2846 1412 2928 quasillo

279 2926 486 2993 celeberrimis
502 2928 678 2993 litterarum
694 2927 806 2991 studiis
820 2927 978 2992 assecutus
1003 2935 1058 2992 est.
1084 2927 1192 3013 Neque
1208 2930 1246 2994 ab
1261 2930 1408 2994 instituto

278 3012 384 3077 nostro
418 3013 539 3097 longius
574 3012 747 3077 aberraturi
780 3013 975 3090 videbamur,
1013 3014 1039 3078 si
1074 3015 1196 3097 qualem
1233 3014 1411 3079 litterarum

278 3099 439 3162 habuisset
461 3116 566 3163 curam
588 3098 759 3179 quibusque
780 3099 955 3162 auctoribus
977 3099 1116 3182 legendis
1139 3101 1300 3184 ingenium
1323 3118 1412 3181 pree·

278 3183 509 3249 stantissimum
531 3184 663 3248 maxime
686 3183 878 3262 excoluisset,
903 3202 995 3267 quam
1018 3187 1197 3251 brevissime
1219 3184 1286 3249 fieri
1307 3189 1412 3267 posset

277 3269 509 3350 inquireremus.
554 3267 670 3334 Morbis
693 3287 762 3334 cum
778 3270 1000 3353 frequentibus,
1023 3271 1178 3352 imprimis
1193 3269 1305 3350 pedum
1322 3269 1407 3330 dolo-

277 3353 371 3434 ribus,
395 3355 558 3436 quominus
582 3353 715 3435 publicis
739 3375 858 3439 semper
873 3356 962 3420 rebus
978 3373 1102 3434 operam
1125 3354 1220 3432 daret,
1242 3349 1408 3447 impedire-

277 3439 328 3502 tnr
351 3439 382 3504 ct
404 3443 515 3504 natura
546 3441 615 3524 ip‘sa
648 3441 808 3509 advitam
840 3441 939 3522 magis
974 3439 1159 3502 familiarem
1181 3437 1212 3532 et
1244 3435 1407 3533 rustrcam,

278 3543 371 3606 qnam
393 3525 549 3606 publicam
572 3527 603 3589 et
625 3527 779 3590 forensem
801 3525 980 3600 inclinarat,
1005 3521 1156 3616 quantum
1179 3539 1206 3584 er
1234 3521 1410 3601 respublrca

276 3609 333 3674 otii
366 3610 475 3675 tribuit
508 3611 547 3674 ad
576 3611 752 3675 discendam
785 3609 1002 3692 antiquitatem
1035 3603 1178 3670 coutulrt.
1222 3604 1290 3670 Iam
1323 3607 1408 3672 totus

276 3696 398 3762 animus
433 3695 471 3759 ad
493 3697 662 3778 priscorum
685 3699 857 3777 temporum
881 3690 1175 3772 contemplationem
1197 3692 1407 3771 revocabatur,

275 3799 312 3844 ex
335 3799 465 3862 quorum
498 3781 661 3862 disciplina
694 3783 726 3844 et
762 3781 896 3844 remedia
929 3775 1041 3856 petivit
1071 3776 1110 3842 ad
1143 3777 1278 3857 plurima
1312 3797 1408 3844 novae

275 3866 386 3930 aetatis
409 3868 492 3932 mala
514 3867 693 3948 perferenda
716 3865 747 3928 et
769 3867 861 3942 vires,
886 3860 1004 3943 quoties
1027 3863 1256 3940 evanescerent,
1288 3882 1408 3945 semper
1460 3885 1469 3894 ·
1596 3879 1598 3900 ·

276 3950 404 4029 refecit3
427 3951 566 4034 legendis
588 3953 673 4014 enirn
689 3949 828 4013 veterum
851 3946 973 4027 seriptis
990 3945 1131 4012 homines
1158 3950 1283 4027 „contre
1305 3948 1409 4014 omnia

276 4037 418 4100 fortunae
434 4038 497 4100 tela
512 4036 647 4100 firmari“
673 4035 744 4116 ipse
760 4031 886 4112 scripsit
908 4049 955 4113 ep.
972 4033 1002 4111 9,
1028 4033 1098 4098 123.
1123 4034 1223 4115 Quam
1238 4032 1329 4117 pauci
1343 4033 1407 4097 iam

182 4128 201 4150 ⁸
274 4124 343 4186 tum
366 4122 495 4200 fuerint,
528 4119 581 4202 qui
615 4137 650 4182 eo
674 4118 777 4182 animo
800 4118 839 4182 ad
862 4117 1025 4183 lectionem
1053 4120 1192 4184 veterum
1220 4117 1407 4191 accederent,

274 4207 340 4288 ipse
363 4205 551 4272 lamentatur
574 4222 621 4284 cp.
646 4204 675 4282 3,
702 4203 755 4266 ll:
782 4202 919 4285 „Itaque
944 4205 979 4268 ut
994 4205 1059 4286 ipse
1075 4222 1295 4286 nonnunquam
1318 4220 1406 4282 prae-

277 4291 371 4370 dicas,
396 4291 549 4372 spectator
568 4288 681 4354 ueteris
704 4289 846 4354 monetae
863 4287 947 4354 solus
963 4308 1134 4370 supersum,
1158 4291 1273 4353 ceteros
1290 4285 1406 4351 deleni-

274 4377 381 4441 menta
403 4373 524 4440 aurium
547 4375 701 4455 capionis
749 4373 854 4459 Neque
876 4375 958 4440 intra
981 4375 1161 4440 Latinorum
1182 4373 1260 4436 fines
1283 4391 1315 4436 se
1337 4391 1406 4436 con·

275 4461 411 4536 tinebat,
437 4455 490 4522 sed
515 4460 646 4530 Graecos
670 4481 790 4548 quoquo
812 4461 890 4526 bene
913 4459 1034 4536 calluit,
1059 4478 1188 4558 qporum
1210 4456 1244 4521 in
1267 4456 1405 4538 epistolis
