3214 5012
281 282 323 350 84

280 469 402 533 utinam
423 472 513 533 esset.
558 469 603 533 At
625 466 812 534 contrarium
840 485 936 550 paene
957 469 1081 535 accidit.
1120 469 1202 534 Nam
1223 469 1321 536 maior
1343 473 1407 553 epi-

280 554 430 620 stolamm
455 571 600 618 numerus
615 552 739 620 tantum
762 554 859 635 abest,
881 556 918 619 ut
940 555 1113 637 temporum
1131 556 1321 704 grauitatem
1342 573 1407 637 per·

279 637 1096 808 resalutaretclatris}test
1111 641 1409 808 setllttdtltt

279 813 434 893 praetura,
457 809 537 875 aliae
559 811 767 891 querimonias
790 810 952 878 continent
980 811 1018 876 de
1039 809 1123 877 mala
1144 811 1331 890 valetudine,
1356 831 1408 876 ex-

279 896 451 961 eusationes
467 895 656 979 negligentis
671 895 827 978 simulque
847 896 1067 980 promissiones
1083 895 1296 978 frequentioris
1312 900 1408 982 serip-

278 983 366 1048 turae
388 983 420 1046 et
441 981 503 1046 alia
526 982 557 1046 id
579 999 689 1065 genus.
733 981 804 1064 lpse
827 981 1028 1066 Symmachus
1052 981 1176 1047 litteras
1205 982 1291 1047 omni
1313 1001 1404 1066 argu-

278 1068 456 1133 mentomm
485 1066 638 1150 grauitate
665 1071 803 1132 carentes
834 1067 1039 1150 conqueritur,
1072 1086 1144 1132 cum
1167 1066 1275 1132 scribit
1297 1067 1359 1166 (ep.
1375 1070 1406 1148 3,

280 1153 350 1235 10):
377 1152 544 1234 „Expectas
567 1169 586 1216 a
607 1171 657 1218 me
678 1152 802 1219 litteras
824 1154 988 1236 largiores.
1004 1202 1032 1221 ..
1062 1153 1115 1217 sed
1138 1153 1234 1219 velim
1255 1152 1315 1218 tib1
1338 1171 1406 1219 rer-

277 1238 388 1303 bornm
412 1238 529 1316 copiam
551 1237 722 1321 displicere.
764 1237 846 1303 Nam
869 1238 943 1319 quid
966 1238 1053 1322 agat,
1077 1256 1136 1321 quo
1158 1257 1191 1302 se
1213 1239 1330 1320 vertat,
1353 1240 1407 1304 ubi

276 1325 459 1390 immoretur
473 1340 558 1388 cassa
580 1323 670 1389 rebus
685 1324 813 1390 oratio.“
859 1324 895 1387 Id
919 1325 1000 1390 certe
1022 1341 1170 1408 perquem
1191 1324 1306 1389 mirum
1323 1324 1406 1390 vide·

278 1413 349 1475 atur
371 1408 500 1491 oportet.
545 1409 596 1473 An
624 1408 688 1475 ullo
721 1409 811 1474 modo
833 1409 1003 1474 verisimile
1031 1411 1089 1489 est,
1122 1410 1225 1473 virum
1248 1427 1329 1489 enm,
1353 1411 1406 1492 qui

277 1494 376 1578 quoad
399 1493 477 1559 vixit
497 1493 668 1576 principem
691 1495 727 1559 in
742 1495 852 1560 senatu
876 1494 1014 1560 obtinuit
1028 1496 1140 1573 locum,
1163 1494 1295 1560 summis
1310 1495 1405 1561 hono·

275 1580 362 1646 ribus
384 1580 510 1645 functus
543 1581 599 1658 ost,
633 1579 918 1662 praestantissimos
940 1580 1028 1645 illius
1051 1580 1163 1646 aetatis
1187 1580 1269 1648 uiros
1291 1582 1408 1668 amicos

275 1665 395 1745 habuit,
418 1665 485 1748 ipse
507 1665 588 1730 inter
610 1665 780 1731 familiares
795 1665 1016 1748 imperatorum
1039 1665 1267 1746 numerabatur,
1290 1669 1322 1731 in
1339 1666 1405 1749 epi-

276 1751 376 1830 stolia,
401 1769 476 1835 quas
499 1750 538 1816 ad
554 1751 636 1816 uiros
659 1751 720 1816 sibi
736 1771 859 1816 summa
880 1751 1021 1816 amicitia
1044 1751 1202 1816 devinctos
1223 1752 1405 1834 eosdemque

274 1837 510 1902 honestissimos
544 1835 639 1914 dedit,
671 1836 734 1902 alia
763 1854 841 1920 quae
874 1838 1126 1902 commemoraret
1159 1853 1221 1900 non
1250 1837 1404 1914 habuisse,

275 1922 337 1988 nisi
359 1923 474 1987 malam
497 1920 709 1987 valetudinem
732 1941 822 1987 suam
845 1924 893 1986 vel
926 1941 1029 1986 rerum
1051 1921 1089 1986 de
1111 1922 1223 2004 quibus
1256 1923 1406 1988 scriberet

274 2008 473 2092 paucitatem.
519 2006 616 2086 Quid,
638 2009 721 2088 quod
743 2008 957 2073 celeberrimae
980 2008 1155 2089 petitionis,
1179 2025 1273 2088 quam
1294 2008 1405 2074 habuit

273 2112 329 2176 pro
351 2110 404 2158 ara
418 2093 584 2169 Victoriae,
607 2111 662 2172 per
676 2112 769 2174 quam
791 2093 876 2158 totus
899 2093 1052 2158 terrarum
1075 2093 1157 2157 orbis
1180 2093 1331 2160 excitatus
1348 2096 1403 2172 est,

274 2180 322 2243 tot
344 2177 485 2259 epistolis
507 2196 546 2242 ne
571 2179 668 2242 semel
691 2177 815 2262 quidem
848 2178 922 2242 lecit
944 2178 1144 2243 mentionem.
1190 2177 1288 2256 Adde,
1323 2178 1404 2263 quod

273 2263 395 2329 litteras
409 2281 471 2328 non
493 2262 532 2328 ad
554 2263 676 2346 ignotos
691 2263 840 2345 quosdam
862 2262 1076 2342 homunculos
1100 2263 1154 2346 qui
1176 2263 1295 2328 nullius
1317 2265 1403 2330 vide-

273 2352 381 2414 rentur
403 2349 615 2428 auctoritatis,
643 2350 747 2428 misit,
771 2348 825 2414 sed
848 2349 885 2414 ad
910 2350 992 2415 viros
1016 2347 1284 2432 splendidissimos
1316 2350 1402 2414 etin

273 2433 400 2500 ciuitate
423 2433 646 2500 ornatissimos.
692 2436 742 2500 An
766 2435 834 2513 erit,
864 2435 916 2516 qui
940 2434 1001 2499 sibi
1023 2433 1216 2516 persuadeat,
1238 2435 1403 2512 Ausonios,

273 2521 495 2599 Praetextatos,
511 2519 637 2598 Probos,
654 2517 808 2606 Syagrios,
824 2520 1000 2597 Flavianos,
1025 2521 1189 2602 llutropios
1204 2520 1282 2586 tales
1298 2520 1402 2598 fnisse,

273 2605 457 2688 quibuscum
473 2605 510 2669 de
525 2605 600 2670 solis
615 2603 706 2670 rebus
723 2606 841 2688 exiguis
857 2607 950 2687 atque
964 2604 1080 2669 vilibus
1096 2605 1247 2689 ageretur.
1271 2608 1401 2672 Minime

272 2695 363 2757 certe.
392 2690 479 2770 Quod
493 2691 575 2755 uude
589 2691 707 2756 factum
730 2693 811 2756 esset
833 2710 903 2756 cum
923 2691 1180 2772 perquireremus,
1204 2694 1281 2758 duae
1295 2711 1399 2758 occur·

272 2777 381 2843 rebant
403 2793 519 2844 causae.
565 2775 711 2842 Omnium
733 2776 868 2858 primum
893 2775 1062 2842 monendus
1085 2795 1128 2856 es,
1155 2797 1194 2842 ne
1217 2779 1262 2844 eis
1284 2778 1401 2860 decipi·

271 2862 343 2942 aris,
367 2882 445 2946 quae
461 2862 613 2927 habentur
634 2863 667 2926 in
685 2863 815 2944 epistola
831 2862 870 2927 ad
886 2861 1073 2929 Flauianum
1088 2863 1185 2928 missa
1201 2866 1261 2946 (ep.
1277 2865 1308 2943 2,
1324 2865 1397 2943 35):

274 2947 459 3034 „Quousque
481 2948 563 3013 enim
586 2947 704 3012 dandae
726 2947 954 3013 acreddendae
982 2947 1180 3014 salutationis
1203 2948 1296 3015 verba
1317 2947 1401 3011 blat-

271 3033 452 3112 terabimus,
476 3051 547 3098 cum
561 3032 623 3096 alia
636 3032 708 3097 stilo
724 3033 854 3099 materia
870 3051 931 3098 non
947 3035 1116 3116 suppetat?
1139 3035 1184 3100 At
1198 3035 1273 3098 olim
1289 3050 1401 3115 paren-

271 3121 318 3184 tes
341 3119 435 3184 etiam
456 3118 575 3200 patriae
597 3119 730 3202 negotia,
766 3139 843 3202 quae
865 3138 947 3183 nuno
968 3124 1103 3204 angusta
1125 3119 1173 3185 vel
1208 3119 1295 3184 nulla
1317 3118 1401 3196 sunt,

271 3204 304 3269 in
326 3204 495 3269 familiares
525 3203 654 3287 paginas
689 3203 894 3271 conferebant.
940 3207 976 3270 ld
1004 3206 1077 3286 quia
1099 3205 1196 3270 versis
1229 3204 1268 3269 ad
1302 3202 1400 3267 otium

271 3290 361 3355 rebus
394 3291 571 3367 omisimus,
606 3290 760 3373 captanda
793 3295 867 3358 sunt
902 3291 989 3355 nobis
1023 3291 1205 3370 plerumque
1244 3287 1400 3349 intentata

270 3373 424 3441 scribendi
447 3375 581 3453 semina,
615 3394 693 3456 quae
722 3377 883 3444 fastidium
912 3375 1056 3455 tergeant
1087 3369 1281 3454 generalium
1312 3367 1398 3431 litte-

270 3459 403 3527 rarum.“
450 3459 531 3526 Nam
565 3462 601 3526 ut
637 3480 858 3544 nonnunquam
891 3457 965 3522 haec
996 3455 1150 3521 excusatio
1181 3452 1331 3530 valuerit,
1366 3452 1397 3517 in

151 3619 153 3624 ,
270 3564 374 3612 omnes
398 3545 545 3628 epistolas
569 3548 649 3611 certe
680 3565 740 3609 non
772 3545 907 3610 cadebat.
951 3541 1052 3606 Causa
1081 3557 1206 3624 prorsus
1238 3537 1301 3602 alia
1322 3541 1398 3604 erat.

271 3630 396 3709 Quoties
419 3650 467 3696 res
491 3632 641 3715 quaedam
663 3631 814 3714 gravioris
843 3623 994 3693 momenti
1024 3624 1197 3690 nuntianda
1219 3625 1299 3702 erat,
1329 3641 1399 3706 pro-

269 3717 354 3799 priae
377 3717 534 3782 chartulae
556 3716 686 3783 seorsim
708 3715 858 3795 inscripta
879 3709 1043 3777 tabellario
1065 3710 1262 3789 tradebatur,
1287 3711 1339 3791 qui
1363 3712 1399 3774 ut

269 3804 324 3869 hos
347 3803 505 3868 codicillos
528 3801 649 3868 nonnisi
673 3800 733 3882 ipsi
762 3799 811 3862 illi
833 3797 983 3879 traderet,
1006 3795 1046 3859 ad
1067 3815 1160 3880 quem
1182 3796 1298 3860 missus
1321 3797 1396 3873 erat,

269 3887 442 3965 iubebatur,
466 3888 621 3968 simulque
635 3885 664 3949 ei
679 3883 804 3948 litterae
827 3881 1119 3961 committebantur,
1143 3899 1220 3963 quae
1238 3901 1287 3945 res
1302 3899 1397 3964 gene·

269 3974 348 4038 rales
370 3974 460 4038 modo
482 3973 519 4036 de
542 3967 719 4036 valetudine
746 3970 777 4032 et
799 3985 878 4049 quae
899 3966 962 4030 alia
984 3967 1058 4030 sunt
1086 3968 1153 4032 eius
1183 3967 1302 4051 generis
1326 3983 1398 4032 oon·

269 4058 412 4123 tinebant
438 4069 469 4124 et
498 4059 533 4121 ut
560 4055 598 4119 ab
626 4053 771 4118 omnibus
799 4053 974 4136 legerentur
995 4053 1168 4118 destinatae
1190 4059 1293 4131 erant,
1325 4070 1395 4115 cnm

268 4144 403 4209 codicilli
425 4142 484 4220 illi,
507 4157 582 4222 quos
604 4139 720 4218 priores
743 4138 898 4217 denotavi,
920 4139 974 4203 uni
997 4139 1121 4203 tantum
1143 4137 1265 4220 legendi
1281 4137 1396 4201 essent.

268 4231 317 4296 Ad
346 4247 401 4292 nos
435 4246 470 4292 ex
492 4223 738 4309 Symmachianis
769 4225 909 4308 epistolis
938 4223 1022 4289 solae
1050 4223 1113 4289 fere
1145 4222 1303 4306 generales
1325 4238 1394 4301 per·

267 4312 432 4390 venerunt,
456 4331 526 4377 cum
548 4307 649 4376 libelli
671 4309 736 4393 illi,
760 4310 872 4395 quibus
896 4310 1039 4395 graviora
1066 4307 1317 4404 continebantur,
1342 4303 1394 4368 de-

267 4397 380 4545 perditti
411 4397 485 4478 sint,
508 4397 589 4464 unde
611 4398 702 4465 facile
724 4399 804 4464 mira
825 4397 883 4462 illa
905 4395 1108 4478 epistolarum
1136 4392 1320 4474 simphcrtcs
1343 4409 1394 4456 er·

265 4483 348 4562 plica
363 4499 409 4546 ur.
