3214 5012
1304 313 1344 380 13

215 493 283 571 tata
292 506 392 582 erant,
404 497 567 586 ut'pegaai
579 500 751 585 privilegiis
763 486 948 584 quibusdam
960 498 1185 581 antiquissimis
1197 500 1344 577 opulenti.

213 590 246 656 id
261 609 359 660 unum
373 592 521 672 peterent,
543 587 578 654 ut
592 589 716 672 patrum
730 586 822 651 fidem
837 601 958 650 servare
971 585 1066 666 alque
1080 585 1177 650 eolero
1191 584 1254 650 sibi
1269 585 1344 650 lieo·

212 677 271 754 ret,
293 675 408 746 nedum
431 673 525 739 altius
547 673 712 738 tenderent
733 673 902 736 alteramve
924 671 982 734 sub
1005 669 1123 735 exitum
1145 669 1262 741 saeouli
1284 670 1343 738 Ju-

213 762 293 826 liani
314 761 450 826 aetatem
472 759 642 825 redituram
665 759 832 846 sperarent.
856 755 1026 821 Christiani
1041 773 1171 821 numero
1187 756 1219 820 et
1233 756 1343 839 opibus

214 847 261 912 ita
276 840 345 910 'iam
368 845 494 910 adaucti
516 845 613 920 erant,
636 846 672 907 ut
694 859 817 907 summa
839 839 1010 910 moderatio
1032 841 1065 905 et
1080 842 1219 924 aequitas
1239 859 1343 907 neees-
1371 873 1384 890 κ

214 930 296 997 sario
317 931 525 1013 requireretur
547 929 586 993 alr
608 928 653 992 eis
675 927 847 1010 imprimis,
878 926 1006 1009 quihus,
1027 945 1101 991 oum
1123 927 1262 992 civitatis
1285 945 1343 1010 gn·

213 1016 382 1082 homaeula
402 1014 558 1090 tenerent,
592 1031 663 1078 oum
695 1013 808 1095 populo
837 1013 902 1077 iam
931 1029 1049 1095 magna
1081 1031 1118 1076 eu
1145 1014 1233 1094 parte
1260 1012 1343 1078 ohti-

213 1101 335 1179 stione,
373 1119 444 1166 oum
484 1099 722 1182 magistratibus
764 1096 958 1174 christianis,
996 1115 1068 1162 oum
1106 1097 1344 1181 imperatoribus

213 1185 486 1352 iiiililddie
508 1181 1224 1353 silleiumlrrldrrrahldl
1238 1185 1343 1350 {ruz

213 1357 319 1422 dorem
342 1356 512 1420 tuerentur.
537 1351 622 1432 Quae
643 1371 714 1420 oum
729 1354 776 1418 ita
794 1354 907 1431 essent,
929 1352 1087 1419 laudanda
1101 1355 1149 1430 est
1163 1351 1343 1436 Symmachi

213 1441 354 1524 aequitas
384 1459 505 1522 semper
533 1440 666 1504 servata.
712 1439 795 1503 Nam
828 1457 899 1504 enm
926 1438 1153 1520 praefecturam
1179 1439 1266 1505 urbis
1295 1441 1342 1505 te·

212 1529 308 1604 neret,
324 1527 524 1608 mortuusque
539 1527 621 1590 esset
636 1524 786 1604 Zosimus,
810 1524 971 1606 episeopus
986 1525 1153 1602 Romanus,
1175 1527 1208 1589 et
1228 1524 1263 1590 in
1284 1525 1343 1591 eli·

212 1612 310 1696 gendo
332 1629 517 1687 surooessom,
540 1614 577 1675 ut
598 1610 694 1674 simili
709 1609 867 1675 oooasione
888 1611 959 1673 tum
981 1627 1102 1691 semper
1123 1608 1190 1675 fieri
1212 1610 1342 1687 solebat,

212 1715 345 1780 mugnus
359 1697 466 1778 populi
482 1695 638 1763 tumultus
650 1697 737 1760 onus
746 1694 946 1776 omniumque
957 1693 1213 1780 animiqooneiteti
1228 1697 1341 1775 essent,

211 1783 242 1846 et
263 1782 296 1844 in
319 1799 442 1846 summa
463 1782 521 1846 hae
535 1781 652 1846 civium
674 1780 827 1844 dissordia
847 1779 908 1844 duo
930 1780 1141 1862 episeopatum
1155 1784 1342 1864 appeterent,

210 1866 352 1932 Eulaliae
375 1871 406 1931 et
422 1867 610 1941 Boniiaoins
634 1864 837 1949 Symmachus
852 1865 1051 1949 integerrime
1073 1868 1105 1931 et
1125 1866 1343 1940 honestissimo

210 1964 338 2017 munere
360 1970 416 2016 suo
438 1952 515 2017 satis
537 1951 659 2022 diffieili
681 1954 728 2016 esi
749 1952 887 2026 innotus,
920 1949 986 2014 sola
1007 1951 1230 2033 imperatorum
1251 1971 1341 2035 prae·

212 2040 301 2118 cepta
323 2039 446 2102 sequtus
468 2036 551 2123 (epp.
577 2037 625 2111 10,
647 2039 703 2118 713
729 2037 778 2115 10,
795 2035 869 2120 78),
896 2055 912 2100 e
949 2053 1021 2100 aum
1042 2037 1152 2114 essem,
1176 2037 1229 2119 qui
1251 2037 1342 2105 vehe-

211 2121 406 2186 mentissime
428 2122 462 2186 in
489 2140 559 2186 eum
582 2122 811 2197 inveherentur,
841 2121 1004 2203 ipsumque
1031 2121 1114 2202 apud
1139 2122 1341 2204 imperatores

209 2207 399 2286 accusarent,
422 2211 502 2289 quod
524 2208 641 2273 iniusto
663 2209 695 2272 et
716 2206 801 2289 turpi
823 2205 914 2272 modo
937 2224 1008 2270 oum
1023 2205 1209 2274 comederis
1225 2210 1342 2294 egisset

209 2293 242 2356 et
263 2309 369 2374 aspere
383 2294 417 2357 in
432 2311 484 2358 eos
499 2292 776 2374 animadvertisset,
799 2292 950 2366 eiusmodi
965 2292 1102 2358 erimina·
1117 2297 1222 2375 aperte
1236 2296 1341 2360 osten·

209 2377 256 2442 dii
278 2395 344 2442 esse
366 2377 520 2442 invidiosa
538 2377 631 2460 atque
651 2377 740 2458 falsa,
764 2378 861 2443 semet
882 2377 986 2459 ipsum
999 2397 1125 2460 prorsus
1147 2380 1294 2462 purgavit
1308 2384 1340 2446 et

209 2479 269 2544 quo
284 2462 427 2547 graviore
444 2463 504 2526 niti
519 2480 580 2526 non
593 2462 715 2545 poterat
728 2462 833 2544 ipsum
850 2464 1023 2528 Damasum
1036 2464 1216 2546 episeopnm
1230 2467 1341 2532 hahuit

208 2547 359 2628 indicem,
389 2547 442 2629 qui
464 2548 548 2612 ultro
571 2547 745 2613 testabatur
768 2549 988 2632 „assentatores
1016 2549 1155 2615 eiusdem
1181 2551 1340 2634 religionis

208 2632 329 2703 nullam
351 2633 574 2707 contumeliam
603 2626 799 2716 pertulisse“.
844 2635 949 2716 Digna
971 2652 1048 2717 quae
1071 2636 1195 2718 legatur
1221 2637 1270 2702 est
1291 2655 1338 2718 ep.

211 2717 262 2793 10,
284 2719 336 2796 41,
359 2737 453 2798 quam
482 2723 520 2785 de
542 2719 592 2783 his
618 2718 743 2784 iniuriis
772 2719 812 2784 ad
834 2719 1052 2801 imperatorem
1074 2721 1200 2803 arripuit
1227 2727 1341 2808 etqua

207 2817 251 2900 se·
275 2800 561 2900 innoeentissimum
589 2823 608 2869 a
636 2803 798 2870 malevolis
828 2803 1015 2886 quibusdam
1043 2804 1219 2872 hominibus
1250 2809 1338 2882 falsis

209 2887 1340 3046 giffsiizigiiirilsiggittlturrlrliniifioffiuirlisifflliofflmnffiffiiffiisuqueffi

207 3058 240 3120 et
262 3056 387 3138 saepius
403 3058 529 3141 quidem
543 3061 600 3138 ita,
624 3063 661 3126 ut
681 3062 773 3127 huius
789 3060 950 3145 religionis
965 3062 1159 3129 adversarius
1181 3065 1262 3130 uarie
1277 3083 1338 3130 non

209 3143 343 3223 putetur,
367 3145 454 3208 velut
471 3163 542 3209 oum
557 3163 604 3227 ep.
624 3147 673 3224 10,
691 3148 740 3223 71,
764 3146 818 3210 ubi
834 3147 871 3211 de
887 3147 1028 3228 episeopo
1043 3147 1183 3214 Romano
1198 3150 1338 3233 eligendo

208 3226 321 3310 agitur,
343 3227 392 3292 his
408 3230 511 3294 verbis
533 3231 648 3296 utitur:
675 3231 721 3311 „si
735 3231 861 3314 quidem
884 3235 1004 3297 eertum
1025 3235 1117 3315 esset,
1139 3234 1173 3303 in
1195 3234 1336 3318 eligendo

206 3312 347 3396 episeopo
364 3314 422 3379 Dei
439 3317 661 3397 omnipotentis
676 3318 898 3398 expectandum
916 3335 983 3382 sese
997 3316 1178 3396 iudicinm“‚
1195 3321 1226 3383 et
1239 3319 1336 3388 infra:

209 3416 277 3476 „eos
293 3399 447 3482 admonui,
471 3402 599 3484 nequid
621 3405 735 3467 temere
755 3401 824 3468 fieri
839 3402 1019 3483 paterentur
1034 3406 1089 3469 ant
1111 3405 1219 3470 eontra
1233 3422 1338 3474 saurae

205 3482 285 3566 legis
299 3484 438 3549 ordinem
454 3486 511 3552 aut
524 3490 632 3552 eontra
646 3487 874 3552 consuetudinis
889 3488 1073 3554 rationem“.
1097 3489 1187 3556 Alius
1206 3507 1336 3573 quoque,

204 3568 258 3632 uhi
279 3570 318 3633 de
340 3568 525 3669 Christianis
554 3591 720 3672 eorumque
735 3573 904 3671 'institutis
933 3575 1026 3641 verba
1052 3573 1157 3674 iamt,-
1172 3593 1206 3640 eo
1235 3578 1336 3648 utitur

203 3658 1336 3827 admitteretur.tlltilethi‘alidlt

205 3823 308 3899 „diem
330 3828 475 3892 sanetum
489 3827 657 3906 Paschae“‚
680 3830 711 3894 et
736 3829 838 3909 „diem
860 3828 1067 3895 venerabilem
1088 3831 1257 3908 Paeonum,
1287 3849 1334 3913 ep.

206 3910 254 3989 10,
271 3911 322 3989 81,
349 3919 543 3991 „sanatorum
562 3915 677 3979 dierem
700 3913 922 3982 reverentiam“
952 3916 984 3979 et
1007 3934 1053 3998 ep.
1072 3916 1121 3993 10,
1147 3917 1187 3981 73
1217 3917 1336 3996 „saneti

202 3996 336 4076 apostoli
358 3997 445 4061 Petri
473 3999 652 4064 basilioam“
678 4005 710 4064 et
740 4001 802 4065 alia
824 4000 986 4066 eiusmodi.
1033 4000 1138 4083 Neque
1160 4021 1231 4068 vero
1253 4003 1335 4072 solus

89 4145 95 4160 ,
202 4080 373 4145 immiserit
387 4081 443 4145 has
464 4081 573 4147 breves
596 4088 627 4148 et
649 4085 827 4152 interiectas
849 4087 1072 4166 quodammodo
1093 4086 1334 4170 signifieatooes

202 4167 282 4230 uerte
304 4165 461 4230 mirandas
482 4166 516 4230 in
538 4166 603 4231 viro
626 4186 677 4245 eo,
700 4170 753 4250 qui
775 4170 893 4250 priseae
915 4171 1076 4254 religionis
1098 4172 1335 4244 observantissi-

201 4267 270 4315 mur
286 4250 391 4330 inerit,
414 4250 469 4316 sed
483 4252 542 4317 looi
559 4252 674 4336 integri
690 4256 865 4331 assumunt,
881 4273 916 4318 er
932 4256 1043 4338 quihus
1064 4258 1250 4340 quantopere
1264 4276 1333 4328 ssu·

201 4335 319 4402 tentiae
333 4336 483 4420 quaedum
496 4338 650 4404 humanae
664 4337 844 4422 divulgatae
859 4341 978 4408 fuerint
991 4344 1023 4408 et
1037 4342 1072 4409 in
1087 4343 1227 4414 omnium
1242 4361 1333 4416 tuum

202 4423 406 4501 pervenerint,
429 4421 629 4508 intelligitur.
664 4424 734 4492 Huo
747 4425 913 4508 pertinent,
929 4447 1006 4511 quae
1020 4427 1131 4502 soribit
1145 4429 1185 4500 ad
1199 4429 1333 4514 annisum

201 4523 248 4591 ep.
261 4507 290 4588 l,
305 4509 362 4576 46:
387 4510 537 4594 „suseipa
553 4528 615 4596 oro,
630 4509 841 4580 beneiaeiendi
858 4513 1058 4596 provinciam,
1080 4533 1158 4600 quas
1172 4515 1333 4589 hommum
