3214 5012
252 253 295 320 40

253 441 352 518 debet,
377 439 590 588 Symmachus,
614 458 704 521 quem
727 443 821 520 supra
843 440 1127 506 demonstravimus
1149 441 1296 524 epistolas
1312 459 1384 504 suas

254 545 316 590 nou
339 543 389 590 mo
412 544 429 590 o
452 544 512 589 non
535 525 683 602 edidisse,
717 525 770 590 sed
800 546 839 591 ne
868 525 1049 607 ecquidem
1081 525 1224 604 consilio,
1260 527 1294 592 ut
1325 545 1383 588 un·

253 630 347 692 quam
370 611 547 688 ederentur,
582 609 816 692 conscripsisse,
851 611 1056 680 clarissimum
1085 613 1116 676 et
1138 611 1264 682 unicum
1291 613 1383 675 docu-

252 697 395 759 mentum
418 692 508 758 nobis
529 693 675 758 relictum
698 695 761 772 est,
796 716 831 761 er
860 715 918 776 quo
947 713 1182 779 cognoscamus,
1217 715 1278 778 qua
1307 697 1383 771 arte,

252 779 364 862 quibus
387 779 499 844 studiis
522 798 622 860 quave
644 780 833 862 negligentia
855 781 971 845 summi
999 779 1087 846 illius
1110 780 1222 848 aetatis
1244 779 1305 849 viri
1329 779 1384 843 do·

188 887 192 916 r
251 866 417 928 mestieum
446 863 646 946 epistolarum
675 884 764 928 usum
793 885 930 931 exercere
959 865 1045 932 soliti
1074 865 1148 930 sint.
1193 865 1253 932 Sed
1280 865 1383 945 prius-

252 968 346 1031 quam
371 950 410 1013 ad
431 948 557 1032 singula
581 968 637 1014 nos
660 953 864 1028 verteremus,
899 950 1061 1032 aptissimo
1089 951 1146 1018 hec
1173 951 1239 1014 loce
1267 949 1384 1016 iudicia
1485 1015 1488 1022 ,

252 1051 491 1100 commemorare
506 1033 639 1115 placuit,
661 1053 739 1116 qnae
754 1034 959 1118 Symmachus
981 1037 1047 1116 ipse
1068 1035 1180 1102 habuit
1194 1035 1230 1104 dc
1246 1053 1383 1098 sermone

252 1117 423 1202 epistolari.
467 1117 635 1183 Manifesta
657 1119 722 1182 eius
751 1121 843 1185 verba
866 1121 941 1185 sunt
968 1121 1002 1184 in
1031 1139 1078 1202 ep.
1104 1121 1132 1197 7,
1157 1122 1192 1184 9:
1225 1120 1326 1197 ,Nam
1349 1121 1384 1183 ut

252 1203 285 1266 in
309 1204 425 1268 vest‘tu
447 1203 610 1267 bominum
634 1204 793 1286 ceteroque
816 1205 899 1269 vitae
922 1205 1009 1271 cultu
1025 1205 1091 1268 loco
1112 1223 1147 1268 ac
1162 1203 1297 1286 tempori
1311 1205 1385 1286 apta

252 1291 435 1366 sumuntur,
473 1288 520 1352 ita
552 1289 748 1370 ingeniorum
781 1289 913 1357 varietas
947 1289 980 1354 iu
1014 1289 1224 1356 familiaribus
1259 1288 1383 1369 scriptis

251 1371 477 1458 negligentiam
501 1374 657 1455 quaedam
680 1374 771 1438 debet
792 1373 927 1450 imitari,
958 1373 992 1436 in
1016 1373 1189 1440 forensibus
1212 1392 1282 1438 vero
1307 1392 1383 1455 qua-

251 1459 316 1523 tere
339 1476 427 1522 arma
448 1457 641 1533 imundiae.“
688 1459 883 1540 Quantopere
910 1457 1049 1542 vulgaris
1078 1460 1185 1542 lingua
1213 1459 1252 1523 ab
1280 1458 1382 1525 erudi-

251 1545 353 1607 torum
388 1561 526 1608 sermone
560 1543 740 1621 abhorreat,
774 1545 850 1609 bene
877 1542 1048 1626 perspexit,
1083 1562 1153 1614 cum
1180 1544 1218 1607 ad
1248 1543 1383 1608 amicum

252 1627 371 1694 scribat
392 1647 438 1708 ep.
463 1629 493 1705 3,
521 1623 573 1692 11:
599 1627 723 1711 „Sumsi
746 1628 862 1710 pariter
890 1629 1033 1712 geminas
1056 1627 1179 1694 litteras
1202 1630 1289 1705 tuas,
1313 1648 1383 1692 ues-

250 1714 336 1779 torea
358 1715 393 1778 ut
414 1713 462 1777 ita
489 1713 589 1778 dicam
617 1733 712 1778 manu
740 1713 889 1795 scriptas,
923 1733 1055 1794 quarum
1085 1715 1170 1795 sequi
1197 1713 1383 1797 gravitatem

252 1798 367 1862 labore.
400 1796 511 1862 Trahit
532 1796 616 1862 enim
639 1815 695 1860 nos
718 1816 794 1862 usus
816 1798 965 1880 temperis
987 1799 1021 1862 in
1044 1799 1183 1882 argutias
1205 1797 1383 1882 plausibilis

250 1882 409 1948 sermonis.
455 1883 557 1970 Quare
591 1883 719 1965 aequius
750 1883 883 1948 admitte
913 1883 1055 1966 linguam
1084 1884 1200 1948 saeculi
1227 1883 1324 1950 nostri
1353 1886 1384 1949 et

249 1968 353 2034 deesse
382 1968 454 2033 huic
478 1967 628 2050 epistolae
655 1967 785 2042 atticam
813 1968 981 2034 sanitatem
1005 1969 1075 2034 boni
1106 1972 1258 2035 consule.“
1306 1969 1383 2037 Cum

250 2073 320 2118 vero
350 2053 510 2128 nonnulli,
545 2056 580 2116 ut
610 2053 775 2133 populares
805 2072 895 2118 voces
919 2053 1067 2136 vitarent,
1102 2072 1136 2118 eo
1164 2074 1260 2138 usque
1284 2074 1382 2120 reces-

249 2139 376 2215 sissent,
412 2140 448 2201 ut
471 2136 692 2220 antiquissima
715 2137 865 2203 vocabula
891 2137 955 2204 iam
982 2137 1036 2203 diu
1058 2139 1198 2204 obsoleta
1224 2142 1255 2204 et
1277 2139 1383 2222 incog-

249 2223 317 2288 nita
338 2223 536 2300 reducerent,
570 2223 634 2288 tale
655 2222 810 2302 studium,
845 2241 1035 2303 quamquam
1057 2224 1160 2304 ipsum
1189 2242 1221 2288 se
1248 2243 1283 2288 eo
1305 2243 1382 2288 non·

232 2371 236 2386 ,
250 2327 408 2391 nunquam
432 2309 588 2388 relapsum
611 2307 781 2390 profitetur,
805 2308 911 2390 aperte
934 2308 1041 2371 tamen
1067 2308 1232 2389 vituperat.
1263 2308 1309 2376 cf.
1334 2329 1379 2392 ep.

249 2397 278 2471 3,
301 2393 362 2457 44:¹
384 2390 541 2470 „Concede
564 2391 596 2455 in
620 2393 702 2475 leges
725 2394 795 2456 tuas
818 2393 850 2455 et
870 2387 1048 2476 ἀρχαισμὸν
1070 2394 1223 2459 scribendi
1251 2414 1311 2459 non
1333 2395 1382 2459 in-

250 2479 334 2545 vitus
354 2477 475 2542 affecto.
520 2478 566 2540 Tu
590 2480 696 2554 tamen
718 2477 767 2540 fac
788 2477 982 2554 memineris,
1017 2478 1097 2550 illud
1124 2479 1227 2560 potius
1251 2479 1382 2560 simplex

249 2562 409 2629 nonnullis
431 2560 547 2640 videri,
582 2561 662 2643 quod
691 2561 847 2643 sequentis
877 2563 988 2626 aetatis
1018 2581 1095 2627 usus
1118 2563 1232 2643 recepit
1251 2613 1256 2625 .
1277 2609 1309 2624 ..
1349 2563 1381 2628 Si

249 2647 308 2715 tibi
330 2645 499 2712 vetustatis
523 2646 646 2714 butum
669 2648 717 2712 est
739 2665 839 2724 amor,
873 2646 940 2729 pari
972 2647 1074 2710 studm
1103 2648 1135 2710 in
1166 2649 1259 2712 verba
1280 2646 1382 2731 prisca

249 2733 426 2812 redeamus,
459 2732 570 2816 quibus
594 2730 671 2798 Salii
694 2731 812 2796 canunt
839 2733 870 2796 et
892 2750 1022 2815 augures
1050 2751 1138 2796 avem
1163 2733 1328 2804 consulunt
1350 2734 1382 2797 et

249 2817 413 2883 decemviri
450 2816 572 2886 tabulas
608 2817 822 2888 condiderunt.
868 2817 1056 2883 Iamdudum
1087 2818 1136 2884 his
1168 2818 1381 2884 renuntiatum

249 2906 305 2984 est,
330 2904 365 2968 ut
387 2901 539 2968 successio
560 2904 734 2985 temporum
756 2901 874 2984 placita
900 2902 1003 2982 priora
1026 2904 1186 2970 mutavit.
1210 2952 1214 2963 .
1237 2951 1243 2963 .
1284 2904 1382 2983 Atqui

249 2990 387 3070 praestat
409 2987 549 3052 Tullium
572 2987 675 3070 sequi,
705 2986 760 3067 qui
780 2985 926 3069 ignorata
949 2987 1120 3053 maioribus
1143 2989 1272 3068 usurpat
1295 3005 1381 3050 eror-

249 3072 329 3140 dia.“
371 3072 419 3136 Ne
441 3091 512 3137 vero
536 3072 610 3153 quid
632 3071 788 3136 intactum
809 3071 1042 3154 relinquamus,
1077 3073 1110 3137 id
1133 3089 1252 3153 quoque
1273 3089 1381 3134 mone-

249 3177 334 3235 mus,
369 3157 592 3240 Symmachum
625 3157 657 3222 in
684 3155 824 3239 epistolis
840 3156 1063 3222 describendis
1090 3158 1229 3221 veterum
1263 3174 1381 3220 morem

249 3243 312 3307 iam
335 3261 354 3306 a
376 3241 532 3329 plerisque
553 3243 731 3326 neglectum
754 3261 892 3318 seruasse
925 3243 957 3306 et
990 3241 1058 3306 sine
1088 3241 1153 3306 ullo
1176 3241 1326 3306 bonorum
1350 3241 1382 3304 et

212 3399 213 3403 Ἰ
248 3328 412 3394 titulorum
435 3329 504 3392 fuco
528 3327 630 3394 solnm
658 3348 749 3392 sunm
777 3331 808 3392 et
834 3327 916 3401 eius,
950 3327 988 3388 ad
1017 3345 1108 3406 quem
1135 3325 1261 3388 litterae
1288 3325 1381 3390 datae

147 3455 151 3462 ·
248 3415 353 3490 erant,
389 3431 500 3477 nomen
523 3413 749 3496 praeposuisse,
786 3413 865 3494 qued
890 3408 1017 3492 colligas
1040 3427 1075 3474 eu
1098 3429 1144 3492 ep.
1169 3409 1200 3486 2,
1223 3409 1278 3486 35,
1310 3428 1380 3473 cum

248 3517 310 3647 quge
332 3515 407 3646 stane
430 3515 482 3576 ea,
516 3516 595 3581 quae
623 3517 669 3580 ep.
694 3500 723 3574 3,
747 3494 982 3573 reseruntur,
1015 3511 1076 3560 uon
1107 3495 1185 3559 bene
1216 3494 1380 3560 convenire

250 3601 282 3650 rr
304 3601 341 3646 en
358 3601 403 3646 ur.

349 3667 411 3748 Qui
433 3686 514 3732 nunc
534 3666 571 3730 de
594 3658 644 3742 ea,
675 3683 735 3745 qua
757 3662 961 3746 Symmachus
984 3665 1017 3730 in
1041 3664 1200 3730 scribendo
1224 3681 1297 3728 usus
1321 3668 1378 3742 est,

247 3752 406 3818 latinitate
429 3771 447 3815 a
470 3771 520 3818 ere
541 3750 602 3816 sibi
625 3747 795 3833 proposuit,
819 3753 847 3813 ei
871 3749 952 3814 certe
968 3749 1058 3815 venia
1073 3749 1208 3831 petenda
1229 3751 1276 3813 est
1298 3749 1380 3815 docti

246 3837 381 3902 lectoris.
459 3855 509 3902 am
543 3855 613 3913 cum
642 3833 773 3908 oratoris
807 3834 1009 3916 epistolarum
1042 3835 1256 3906 recentissima
1284 3835 1379 3899 editio

246 3921 396 4005 prodierit
417 3941 444 3986 a.
470 3921 561 3986 1617.
585 3921 714 3997 Neapoli
738 3918 905 3987 Nemetum
929 3919 1057 4000 (iterum
1080 3921 1230 4003 impressa
1245 3920 1378 3986 Franco·

246 4007 319 4082 ferti
344 4007 451 4086 1642,
482 4005 588 4091 1651.)
613 4023 707 4086 eaque
730 4003 840 4071 multis
862 4004 937 4070 locis
959 4007 1063 4087 aperte
1085 4005 1213 4083 uitiosa,
1237 4005 1309 4070 aliis
1331 4005 1379 4070 in-

142 4125 145 4130 ·
247 4093 374 4176 quinata
396 4091 440 4156 sit
461 4090 554 4157 malis
577 4089 860 4168 emendationibus,
893 4094 1054 4172 praeterea
1081 4091 1204 4172 propter
1233 4094 1377 4174 typorum

246 4177 497 4258 turpissimorum
520 4175 718 4244 incredibiles
741 4193 857 4240 errores
886 4177 1006 4258 saepius
1033 4194 1156 4245 sensum
1185 4175 1277 4257 plane
1305 4173 1377 4237 nul-

246 4265 313 4329 lum
336 4262 493 4342 exhibeat,
521 4261 612 4338 facile
634 4261 825 4344 intelligitur
847 4262 964 4343 quanta
987 4281 1062 4344 opus
1085 4260 1127 4326 sit
1150 4261 1307 4336 cautione,
1339 4278 1377 4322 ne

246 4347 437 4431 Symmacho
451 4349 624 4432 impertias,
649 4365 726 4432 quae
748 4346 787 4411 ad
809 4347 962 4414 incultum
977 4348 1193 4427 impressorem
1208 4342 1374 4426 pertinent.

245 4434 355 4515 Itaque
383 4434 543 4516 pauciora,
578 4437 630 4502 sed
659 4451 738 4515 quae
767 4433 851 4498 certa
879 4431 1073 4508 viderentur,
1107 4429 1244 4505 delibare
1273 4428 1376 4511 potius
