<?xml version="1.0" encoding="UTF-8"?>
<!DOCTYPE html PUBLIC "-//W3C//DTD XHTML 1.0 Transitional//EN"
    "http://www.w3.org/TR/xhtml1/DTD/xhtml1-transitional.dtd">
<html xmlns="http://www.w3.org/1999/xhtml" xml:lang="en" lang="en">
 <head>
  <title>
</title>
<meta http-equiv="Content-Type" content="text/html;charset=utf-8" />
  <meta name='ocr-system' content='tesseract 3.04.00' />
  <meta name='ocr-capabilities' content='ocr_page ocr_carea ocr_par ocr_line ocrx_word'/>
</head>
<body>
  <div class='ocr_page' id='page_1' title='image "./qustionessymmac00koregoog_0020.png"; bbox 0 0 3214 5012; ppageno 0'>
   <div class='ocr_carea' id='block_1_1' title="bbox 1291 303 1328 370">
    <p class='ocr_par' dir='ltr' id='par_1_1' title="bbox 1291 303 1328 370">
     <span class='ocr_line' id='line_1_1' title="bbox 1291 303 1328 370; baseline -0.054 0"><span class='ocrx_word' id='word_1_1' title='bbox 1291 303 1328 370; x_wconf 95' lang='lat' dir='ltr'>ll</span> 
     </span>
    </p>
   </div>
   <div class='ocr_carea' id='block_1_2' title="bbox 82 495 1444 4518">
    <p class='ocr_par' dir='ltr' id='par_1_2' title="bbox 82 495 1444 4518">
     <span class='ocr_line' id='line_1_2' title="bbox 203 495 1332 589; baseline -0.007 -19"><span class='ocrx_word' id='word_1_2' title='bbox 203 503 289 589; x_wconf 89' lang='lat' dir='ltr'>gatio</span> <span class='ocrx_word' id='word_1_3' title='bbox 312 504 524 589; x_wconf 79' lang='lat' dir='ltr'>impediretur,</span> <span class='ocrx_word' id='word_1_4' title='bbox 547 502 581 567; x_wconf 92' lang='lat' dir='ltr'>in</span> <span class='ocrx_word' id='word_1_5' title='bbox 604 501 669 568; x_wconf 93' lang='lat' dir='ltr'>suis</span> <span class='ocrx_word' id='word_1_6' title='bbox 685 501 818 567; x_wconf 89' lang='lat' dir='ltr'>stabulis</span> <span class='ocrx_word' id='word_1_7' title='bbox 833 501 971 568; x_wconf 89' lang='lat' dir='ltr'>hiemare</span> <span class='ocrx_word' id='word_1_8' title='bbox 984 495 1181 584; x_wconf 85' lang='lat' dir='ltr'>paterentur;</span> <span class='ocrx_word' id='word_1_9' title='bbox 1203 511 1332 578; x_wconf 89' lang='lat' dir='ltr'>cumque</span> 
     </span>
     <span class='ocr_line' id='line_1_3' title="bbox 202 580 1332 674; baseline -0.01 -18"><span class='ocrx_word' id='word_1_10' title='bbox 202 590 268 656; x_wconf 94' lang='lat' dir='ltr'>ludi</span> <span class='ocrx_word' id='word_1_11' title='bbox 289 591 323 656; x_wconf 93' lang='lat' dir='ltr'>in</span> <span class='ocrx_word' id='word_1_12' title='bbox 347 589 576 674; x_wconf 89' lang='lat' dir='ltr'>amphitheatro</span> <span class='ocrx_word' id='word_1_13' title='bbox 598 589 738 654; x_wconf 88' lang='lat' dir='ltr'>Romano</span> <span class='ocrx_word' id='word_1_14' title='bbox 760 586 820 669; x_wconf 91' lang='lat' dir='ltr'>(ep.</span> <span class='ocrx_word' id='word_1_15' title='bbox 843 588 879 665; x_wconf 87' lang='grc'>6,</span> <span class='ocrx_word' id='word_1_16' title='bbox 907 587 964 671; x_wconf 88' lang='grc'>33)</span> <span class='ocrx_word' id='word_1_17' title='bbox 987 584 1092 654; x_wconf 89' lang='lat' dir='ltr'>essent</span> <span class='ocrx_word' id='word_1_18' title='bbox 1112 580 1237 660; x_wconf 92' lang='lat' dir='ltr'>edendi,</span> <span class='ocrx_word' id='word_1_19' title='bbox 1265 581 1332 664; x_wconf 88' lang='lat' dir='ltr'>ipeo</span> 
     </span>
     <span class='ocr_line' id='line_1_4' title="bbox 198 667 1332 758; baseline -0.008 -18"><span class='ocrx_word' id='word_1_20' title='bbox 198 676 235 740; x_wconf 91' lang='grc'>11</span> <span class='ocrx_word' id='word_1_21' title='bbox 257 676 368 741; x_wconf 89' lang='lat' dir='ltr'>cuncta</span> <span class='ocrx_word' id='word_1_22' title='bbox 390 676 583 758; x_wconf 88' lang='lat' dir='ltr'>componeret</span> <span class='ocrx_word' id='word_1_23' title='bbox 605 674 639 737; x_wconf 93' lang='lat' dir='ltr'>in</span> <span class='ocrx_word' id='word_1_24' title='bbox 661 673 769 738; x_wconf 86' lang='lat' dir='ltr'>urbem</span> <span class='ocrx_word' id='word_1_25' title='bbox 791 691 825 738; x_wconf 92' lang='lat' dir='ltr'>se</span> <span class='ocrx_word' id='word_1_26' title='bbox 847 671 1036 749; x_wconf 83' lang='lat' dir='ltr'>conserebat,</span> <span class='ocrx_word' id='word_1_27' title='bbox 1064 669 1178 735; x_wconf 88' lang='lat' dir='ltr'>amicos</span> <span class='ocrx_word' id='word_1_28' title='bbox 1200 667 1332 749; x_wconf 89' lang='lat' dir='ltr'>denique</span> 
     </span>
     <span class='ocr_line' id='line_1_5' title="bbox 201 751 1334 844; baseline -0.005 -20"><span class='ocrx_word' id='word_1_29' title='bbox 201 760 360 827; x_wconf 88' lang='lat' dir='ltr'>invitabat</span> <span class='ocrx_word' id='word_1_30' title='bbox 384 762 437 839; x_wconf 91' lang='grc'>,11</span> <span class='ocrx_word' id='word_1_31' title='bbox 463 779 557 844; x_wconf 87' lang='lat' dir='ltr'>quam</span> <span class='ocrx_word' id='word_1_32' title='bbox 579 759 825 841; x_wconf 76' lang='lat' dir='ltr'>frequentissimi</span> <span class='ocrx_word' id='word_1_33' title='bbox 849 756 1038 824; x_wconf 77' lang='lat' dir='ltr'>advenirent.</span> <span class='ocrx_word' id='word_1_34' title='bbox 1084 754 1173 836; x_wconf 85' lang='lat' dir='ltr'>Quod</span> <span class='ocrx_word' id='word_1_35' title='bbox 1201 753 1240 820; x_wconf 87' lang='lat' dir='ltr'>ad</span> <span class='ocrx_word' id='word_1_36' title='bbox 1265 751 1334 818; x_wconf 88' lang='lat' dir='ltr'>eni·</span> 
     </span>
     <span class='ocr_line' id='line_1_6' title="bbox 202 837 1332 930; baseline -0.007 -20"><span class='ocrx_word' id='word_1_37' title='bbox 202 846 308 924; x_wconf 86' lang='lat' dir='ltr'>malla,</span> <span class='ocrx_word' id='word_1_38' title='bbox 331 846 443 928; x_wconf 88' lang='lat' dir='ltr'>quibus</span> <span class='ocrx_word' id='word_1_39' title='bbox 466 864 542 930; x_wconf 89' lang='lat' dir='ltr'>opus</span> <span class='ocrx_word' id='word_1_40' title='bbox 566 848 634 912; x_wconf 87' lang='lat' dir='ltr'>erat</span> <span class='ocrx_word' id='word_1_41' title='bbox 661 843 798 910; x_wconf 92' lang='lat' dir='ltr'>inludis</span> <span class='ocrx_word' id='word_1_42' title='bbox 821 842 947 909; x_wconf 86' lang='lat' dir='ltr'>edendis</span> <span class='ocrx_word' id='word_1_43' title='bbox 970 840 1156 918; x_wconf 78' lang='lat' dir='ltr'>celebribus,</span> <span class='ocrx_word' id='word_1_44' title='bbox 1187 837 1332 922; x_wconf 89' lang='lat' dir='ltr'>pertinet,</span> 
     </span>
     <span class='ocr_line' id='line_1_7' title="bbox 203 923 1333 1014; baseline -0.007 -17"><span class='ocrx_word' id='word_1_45' title='bbox 203 931 343 997; x_wconf 88' lang='lat' dir='ltr'>omnium</span> <span class='ocrx_word' id='word_1_46' title='bbox 368 932 466 1014; x_wconf 90' lang='lat' dir='ltr'>primi</span> <span class='ocrx_word' id='word_1_47' title='bbox 493 930 566 1014; x_wconf 91' lang='lat' dir='ltr'>equi</span> <span class='ocrx_word' id='word_1_48' title='bbox 594 930 764 1013; x_wconf 87' lang='lat' dir='ltr'>poscuntur</span> <span class='ocrx_word' id='word_1_49' title='bbox 791 932 823 995; x_wconf 91' lang='lat' dir='ltr'>et</span> <span class='ocrx_word' id='word_1_50' title='bbox 853 931 909 1010; x_wconf 91' lang='lat' dir='ltr'>,de</span> <span class='ocrx_word' id='word_1_51' title='bbox 937 929 1094 1011; x_wconf 82' lang='lat' dir='ltr'>proximo“</span> <span class='ocrx_word' id='word_1_52' title='bbox 1125 925 1244 1010; x_wconf 82' lang='grc'>(11.5,</span> <span class='ocrx_word' id='word_1_53' title='bbox 1277 923 1333 1006; x_wconf 92' lang='grc'>82)</span> 
     </span>
     <span class='ocr_line' id='line_1_8' title="bbox 202 1009 1335 1100; baseline -0.01 -16"><span class='ocrx_word' id='word_1_54' title='bbox 202 1019 234 1084; x_wconf 90' lang='grc'>11</span> <span class='ocrx_word' id='word_1_55' title='bbox 266 1018 401 1084; x_wconf 85' lang='lat' dir='ltr'>maxime</span> <span class='ocrx_word' id='word_1_56' title='bbox 437 1035 491 1098; x_wconf 85' lang='lat' dir='ltr'>,ex</span> <span class='ocrx_word' id='word_1_57' title='bbox 524 1015 711 1100; x_wconf 86' lang='lat' dir='ltr'>Hispania“,</span> <span class='ocrx_word' id='word_1_58' title='bbox 745 1016 798 1098; x_wconf 93' lang='lat' dir='ltr'>qui</span> <span class='ocrx_word' id='word_1_59' title='bbox 838 1012 1027 1081; x_wconf 86' lang='lat' dir='ltr'>nobilissimi</span> <span class='ocrx_word' id='word_1_60' title='bbox 1060 1013 1157 1078; x_wconf 90' lang='lat' dir='ltr'>fnisse</span> <span class='ocrx_word' id='word_1_61' title='bbox 1190 1009 1335 1075; x_wconf 87' lang='lat' dir='ltr'>videntur</span> 
     </span>
     <span class='ocr_line' id='line_1_9' title="bbox 203 1095 1335 1188; baseline -0.008 -20"><span class='ocrx_word' id='word_1_62' title='bbox 203 1105 283 1186; x_wconf 90' lang='lat' dir='ltr'>(epp.</span> <span class='ocrx_word' id='word_1_63' title='bbox 305 1103 337 1188; x_wconf 86' lang='lat'>4,</span> <span class='ocrx_word' id='word_1_64' title='bbox 361 1106 399 1187; x_wconf 91' lang='grc'>6,</span> <span class='ocrx_word' id='word_1_65' title='bbox 421 1104 453 1180; x_wconf 87' lang='grc'>4,</span> <span class='ocrx_word' id='word_1_66' title='bbox 476 1102 534 1178; x_wconf 90' lang='grc'>58,</span> <span class='ocrx_word' id='word_1_67' title='bbox 556 1103 587 1179; x_wconf 90' lang='grc'>4,</span> <span class='ocrx_word' id='word_1_68' title='bbox 610 1102 677 1188; x_wconf 96' lang='grc'>59).</span> <span class='ocrx_word' id='word_1_69' title='bbox 722 1101 906 1166; x_wconf 78' lang='lat' dir='ltr'>Familiares</span> <span class='ocrx_word' id='word_1_70' title='bbox 934 1119 1005 1167; x_wconf 88' lang='lat' dir='ltr'>suos</span> <span class='ocrx_word' id='word_1_71' title='bbox 1033 1099 1126 1180; x_wconf 87' lang='lat' dir='ltr'>atque</span> <span class='ocrx_word' id='word_1_72' title='bbox 1148 1095 1335 1162; x_wconf 91' lang='lat' dir='ltr'>domesticos</span> 
     </span>
     <span class='ocr_line' id='line_1_10' title="bbox 203 1179 1336 1272; baseline -0.008 -18"><span class='ocrx_word' id='word_1_73' title='bbox 203 1187 407 1270; x_wconf 83' lang='lat' dir='ltr'>Symmachus</span> <span class='ocrx_word' id='word_1_74' title='bbox 429 1189 529 1254; x_wconf 86' lang='lat' dir='ltr'>totam</span> <span class='ocrx_word' id='word_1_75' title='bbox 551 1186 738 1270; x_wconf 79' lang='lat' dir='ltr'>Hispaniam</span> <span class='ocrx_word' id='word_1_76' title='bbox 759 1188 950 1272; x_wconf 91' lang='lat' dir='ltr'>permigrare</span> <span class='ocrx_word' id='word_1_77' title='bbox 978 1187 1010 1253; x_wconf 91' lang='lat' dir='ltr'>et</span> <span class='ocrx_word' id='word_1_78' title='bbox 1038 1184 1075 1250; x_wconf 89' lang='lat' dir='ltr'>de</span> <span class='ocrx_word' id='word_1_79' title='bbox 1103 1179 1236 1266; x_wconf 85' lang='lat' dir='ltr'>singolis</span> <span class='ocrx_word' id='word_1_80' title='bbox 1264 1197 1336 1263; x_wconf 90' lang='lat' dir='ltr'>pro-</span> 
     </span>
     <span class='ocr_line' id='line_1_11' title="bbox 204 1267 1337 1358; baseline -0.008 -17"><span class='ocrx_word' id='word_1_81' title='bbox 204 1273 315 1341; x_wconf 83' lang='lat' dir='ltr'>vinciis</span> <span class='ocrx_word' id='word_1_82' title='bbox 339 1275 472 1358; x_wconf 87' lang='lat' dir='ltr'>optimos</span> <span class='ocrx_word' id='word_1_83' title='bbox 496 1291 633 1356; x_wconf 89' lang='lat' dir='ltr'>quosque</span> <span class='ocrx_word' id='word_1_84' title='bbox 656 1291 791 1338; x_wconf 86' lang='lat' dir='ltr'>coemere</span> <span class='ocrx_word' id='word_1_85' title='bbox 816 1274 909 1339; x_wconf 88' lang='grc'>111111</span> <span class='ocrx_word' id='word_1_86' title='bbox 931 1273 991 1358; x_wconf 87' lang='lat' dir='ltr'>(ep.</span> <span class='ocrx_word' id='word_1_87' title='bbox 1015 1271 1050 1338; x_wconf 91' lang='grc'>7.</span> <span class='ocrx_word' id='word_1_88' title='bbox 1072 1269 1140 1352; x_wconf 91' lang='grc'>48).</span> <span class='ocrx_word' id='word_1_89' title='bbox 1172 1267 1337 1334; x_wconf 88' lang='lat' dir='ltr'>Praeterea</span> 
     </span>
     <span class='ocr_line' id='line_1_12' title="bbox 204 1352 1336 1442; baseline -0.005 -18"><span class='ocrx_word' id='word_1_90' title='bbox 204 1359 370 1425; x_wconf 89' lang='lat' dir='ltr'>necessarii</span> <span class='ocrx_word' id='word_1_91' title='bbox 400 1359 587 1426; x_wconf 87' lang='lat' dir='ltr'>ridebantur</span> <span class='ocrx_word' id='word_1_92' title='bbox 616 1377 707 1424; x_wconf 89' lang='lat' dir='ltr'>canes</span> <span class='ocrx_word' id='word_1_93' title='bbox 737 1359 845 1425; x_wconf 87' lang='lat' dir='ltr'>scotici</span> <span class='ocrx_word' id='word_1_94' title='bbox 875 1359 994 1442; x_wconf 78' lang='grc'>(11.2,</span> <span class='ocrx_word' id='word_1_95' title='bbox 1031 1357 1104 1440; x_wconf 93' lang='grc'>77),</span> <span class='ocrx_word' id='word_1_96' title='bbox 1140 1352 1252 1436; x_wconf 89' lang='lat' dir='ltr'>quibus</span> <span class='ocrx_word' id='word_1_97' title='bbox 1274 1371 1336 1418; x_wconf 91' lang='lat' dir='ltr'>non</span> 
     </span>
     <span class='ocr_line' id='line_1_13' title="bbox 203 1438 1337 1530; baseline -0.005 -20"><span class='ocrx_word' id='word_1_98' title='bbox 203 1446 365 1511; x_wconf 88' lang='lat' dir='ltr'>contentus</span> <span class='ocrx_word' id='word_1_99' title='bbox 391 1445 572 1530; x_wconf 89' lang='lat' dir='ltr'>,peregrina</span> <span class='ocrx_word' id='word_1_100' title='bbox 588 1442 759 1510; x_wconf 86' lang='lat' dir='ltr'>animalia“</span> <span class='ocrx_word' id='word_1_101' title='bbox 776 1444 884 1530; x_wconf 75' lang='grc'>(11.9,</span> <span class='ocrx_word' id='word_1_102' title='bbox 911 1443 985 1528; x_wconf 96' lang='grc'>125)</span> <span class='ocrx_word' id='word_1_103' title='bbox 1008 1443 1040 1507; x_wconf 90' lang='grc'>11</span> <span class='ocrx_word' id='word_1_104' title='bbox 1054 1442 1135 1506; x_wconf 83' lang='lat' dir='ltr'>feras</span> <span class='ocrx_word' id='word_1_105' title='bbox 1157 1440 1264 1523; x_wconf 78' lang='grc'>(11.9,</span> <span class='ocrx_word' id='word_1_106' title='bbox 1281 1438 1337 1519; x_wconf 89' lang='grc'>27)</span> 
     </span>
     <span class='ocr_line' id='line_1_14' title="bbox 203 1524 1338 1701; baseline -0.006 -19"><span class='ocrx_word' id='word_1_107' title='bbox 203 1531 667 1701; x_wconf 50' lang='grc' dir='ltr'>1111111111ωᾲῗὲ</span> <span class='ocrx_word' id='word_1_108' title='bbox 688 1529 800 1700; x_wconf 68' lang='grc'>(111</span> <span class='ocrx_word' id='word_1_109' title='bbox 836 1524 1338 1701; x_wconf 49' lang='grc'>111111111111111</span> 
     </span>
     <span class='ocr_line' id='line_1_15' title="bbox 205 1637 1338 1787; baseline -0.007 -19"><span class='ocrx_word' id='word_1_110' title='bbox 205 1721 240 1769; x_wconf 84' lang='lat' dir='ltr'>ex</span> <span class='ocrx_word' id='word_1_111' title='bbox 261 1721 354 1787; x_wconf 83' lang='lat' dir='ltr'>grege</span> <span class='ocrx_word' id='word_1_112' title='bbox 375 1637 642 1776; x_wconf 54' lang='lat' dir='ltr'>Laudaciaiigrum</span> <span class='ocrx_word' id='word_1_113' title='bbox 666 1704 728 1785; x_wconf 89' lang='lat' dir='ltr'>(ep.</span> <span class='ocrx_word' id='word_1_114' title='bbox 759 1666 808 1779; x_wconf 86' lang='lat'>4,’</span> <span class='ocrx_word' id='word_1_115' title='bbox 825 1700 891 1785; x_wconf 91' lang='grc'>63).</span> <span class='ocrx_word' id='word_1_116' title='bbox 926 1667 1007 1766; x_wconf 59' lang='lat' dir='ltr'>’Iam</span> <span class='ocrx_word' id='word_1_117' title='bbox 1029 1698 1180 1766; x_wconf 90' lang='lat' dir='ltr'>accedunt</span> <span class='ocrx_word' id='word_1_118' title='bbox 1200 1695 1338 1780; x_wconf 86' lang='lat' dir='ltr'>leopardi</span> 
     </span>
     <span class='ocr_line' id='line_1_16' title="bbox 204 1783 1338 1873; baseline -0.006 -19"><span class='ocrx_word' id='word_1_119' title='bbox 204 1790 284 1873; x_wconf 85' lang='lat' dir='ltr'>(epp.</span> <span class='ocrx_word' id='word_1_120' title='bbox 308 1791 344 1868; x_wconf 88' lang='lat'>4,</span> <span class='ocrx_word' id='word_1_121' title='bbox 371 1789 427 1864; x_wconf 90' lang='grc'>12,</span> <span class='ocrx_word' id='word_1_122' title='bbox 461 1789 496 1868; x_wconf 95' lang='grc'>7,</span> <span class='ocrx_word' id='word_1_123' title='bbox 518 1788 591 1873; x_wconf 83' lang='grc'>59),</span> <span class='ocrx_word' id='word_1_124' title='bbox 618 1789 684 1855; x_wconf 89' lang='lat' dir='ltr'>ursi</span> <span class='ocrx_word' id='word_1_125' title='bbox 709 1786 798 1872; x_wconf 80' lang='lat' dir='ltr'>(epp.-</span> <span class='ocrx_word' id='word_1_126' title='bbox 814 1789 851 1865; x_wconf 89' lang='grc'>2,</span> <span class='ocrx_word' id='word_1_127' title='bbox 876 1788 933 1862; x_wconf 93' lang='grc'>76,</span> <span class='ocrx_word' id='word_1_128' title='bbox 958 1788 992 1865; x_wconf 95' lang='grc'>7,</span> <span class='ocrx_word' id='word_1_129' title='bbox 1018 1783 1111 1866; x_wconf 93' lang='grc'>121),</span> <span class='ocrx_word' id='word_1_130' title='bbox 1145 1783 1210 1848; x_wconf 90' lang='lat' dir='ltr'>ursi</span> <span class='ocrx_word' id='word_1_131' title='bbox 1232 1784 1338 1848; x_wconf 85' lang='lat' dir='ltr'>trans·</span> 
     </span>
     <span class='ocr_line' id='line_1_17' title="bbox 203 1867 1338 1960; baseline -0.006 -20"><span class='ocrx_word' id='word_1_132' title='bbox 203 1875 319 1940; x_wconf 90' lang='lat' dir='ltr'>marini</span> <span class='ocrx_word' id='word_1_133' title='bbox 343 1877 403 1956; x_wconf 84' lang='lat' dir='ltr'>(ep.</span> <span class='ocrx_word' id='word_1_134' title='bbox 429 1875 485 1953; x_wconf 91' lang='lat'>10,</span> <span class='ocrx_word' id='word_1_135' title='bbox 511 1874 581 1952; x_wconf 89' lang='grc'>13),</span> <span class='ocrx_word' id='word_1_136' title='bbox 614 1874 720 1941; x_wconf 88' lang='grc'>111111</span> <span class='ocrx_word' id='word_1_137' title='bbox 743 1871 824 1960; x_wconf 90' lang='lat' dir='ltr'>(epp.</span> <span class='ocrx_word' id='word_1_138' title='bbox 849 1873 885 1951; x_wconf 93' lang='grc'>2,</span> <span class='ocrx_word' id='word_1_139' title='bbox 916 1875 972 1951; x_wconf 90' lang='grc'>76,</span> <span class='ocrx_word' id='word_1_140' title='bbox 1005 1874 1040 1949; x_wconf 93' lang='grc'>7,</span> <span class='ocrx_word' id='word_1_141' title='bbox 1066 1867 1158 1955; x_wconf 90' lang='grc'>122),</span> <span class='ocrx_word' id='word_1_142' title='bbox 1191 1867 1338 1935; x_wconf 90' lang='lat' dir='ltr'>crocodili</span> 
     </span>
     <span class='ocr_line' id='line_1_18' title="bbox 203 1954 1339 2044; baseline -0.006 -19"><span class='ocrx_word' id='word_1_143' title='bbox 203 1963 286 2042; x_wconf 85' lang='lat' dir='ltr'>(epp.</span> <span class='ocrx_word' id='word_1_144' title='bbox 309 1962 339 2039; x_wconf 89' lang='grc'>6,</span> <span class='ocrx_word' id='word_1_145' title='bbox 361 1960 419 2035; x_wconf 91' lang='grc'>43,</span> <span class='ocrx_word' id='word_1_146' title='bbox 454 1961 485 2037; x_wconf 90' lang='grc'>9,</span> <span class='ocrx_word' id='word_1_147' title='bbox 510 1959 586 2036; x_wconf 89' lang='grc'>132,</span> <span class='ocrx_word' id='word_1_148' title='bbox 624 1963 674 2038; x_wconf 90' lang='grc'>19,</span> <span class='ocrx_word' id='word_1_149' title='bbox 699 1960 767 2044; x_wconf 91' lang='grc'>19),</span> <span class='ocrx_word' id='word_1_150' title='bbox 800 1962 870 2026; x_wconf 91' lang='lat' dir='ltr'>tnm</span> <span class='ocrx_word' id='word_1_151' title='bbox 892 1957 989 2024; x_wconf 87' lang='lat' dir='ltr'>etiam</span> <span class='ocrx_word' id='word_1_152' title='bbox 1017 1975 1093 2041; x_wconf 89' lang='lat' dir='ltr'>opus</span> <span class='ocrx_word' id='word_1_153' title='bbox 1122 1956 1191 2021; x_wconf 89' lang='lat' dir='ltr'>erat</span> <span class='ocrx_word' id='word_1_154' title='bbox 1211 1954 1339 2020; x_wconf 86' lang='lat' dir='ltr'>venato·</span> 
     </span>
     <span class='ocr_line' id='line_1_19' title="bbox 205 2037 1339 2130; baseline -0.005 -20"><span class='ocrx_word' id='word_1_155' title='bbox 205 2044 293 2110; x_wconf 91' lang='lat' dir='ltr'>ribus</span> <span class='ocrx_word' id='word_1_156' title='bbox 316 2046 377 2129; x_wconf 87' lang='lat' dir='ltr'>(ep.</span> <span class='ocrx_word' id='word_1_157' title='bbox 401 2045 439 2122; x_wconf 85' lang='grc'>5,</span> <span class='ocrx_word' id='word_1_158' title='bbox 462 2043 535 2128; x_wconf 90' lang='grc'>59),</span> <span class='ocrx_word' id='word_1_159' title='bbox 565 2045 683 2130; x_wconf 77' lang='lat' dir='ltr'>aurigis</span> <span class='ocrx_word' id='word_1_160' title='bbox 706 2045 738 2111; x_wconf 90' lang='lat' dir='ltr'>et</span> <span class='ocrx_word' id='word_1_161' title='bbox 759 2045 889 2110; x_wconf 88' lang='lat' dir='ltr'>scenicis</span> <span class='ocrx_word' id='word_1_162' title='bbox 911 2048 971 2128; x_wconf 92' lang='lat' dir='ltr'>(ep.</span> <span class='ocrx_word' id='word_1_163' title='bbox 994 2045 1030 2120; x_wconf 89' lang='grc'>6,</span> <span class='ocrx_word' id='word_1_164' title='bbox 1053 2037 1121 2126; x_wconf 91' lang='grc'>42).</span> <span class='ocrx_word' id='word_1_165' title='bbox 1156 2041 1267 2106; x_wconf 77' lang='lat' dir='ltr'>Vestes</span> <span class='ocrx_word' id='word_1_166' title='bbox 1289 2039 1339 2104; x_wconf 91' lang='lat' dir='ltr'>his</span> 
     </span>
     <span class='ocr_line' id='line_1_20' title="bbox 206 2125 1339 2213; baseline -0.004 -19"><span class='ocrx_word' id='word_1_167' title='bbox 206 2129 314 2194; x_wconf 92' lang='lat' dir='ltr'>diebus</span> <span class='ocrx_word' id='word_1_168' title='bbox 337 2129 429 2194; x_wconf 85' lang='lat' dir='ltr'>festis</span> <span class='ocrx_word' id='word_1_169' title='bbox 451 2129 620 2198; x_wconf 89' lang='lat' dir='ltr'>destinatae</span> <span class='ocrx_word' id='word_1_170' title='bbox 643 2132 682 2197; x_wconf 85' lang='lat' dir='ltr'>ab</span> <span class='ocrx_word' id='word_1_171' title='bbox 697 2130 766 2213; x_wconf 91' lang='lat' dir='ltr'>ipsa</span> <span class='ocrx_word' id='word_1_172' title='bbox 787 2129 854 2195; x_wconf 85' lang='lat' dir='ltr'>lilia</span> <span class='ocrx_word' id='word_1_173' title='bbox 876 2129 1120 2196; x_wconf 80' lang='lat' dir='ltr'>contexebantur</span> <span class='ocrx_word' id='word_1_174' title='bbox 1142 2125 1203 2210; x_wconf 83' lang='lat' dir='ltr'>(ep.</span> <span class='ocrx_word' id='word_1_175' title='bbox 1218 2127 1250 2204; x_wconf 89' lang='grc'>6,</span> <span class='ocrx_word' id='word_1_176' title='bbox 1272 2127 1339 2204; x_wconf 89' lang='grc'>40).</span> 
     </span>
     <span class='ocr_line' id='line_1_21' title="bbox 205 2211 1342 2300; baseline -0.004 -19"><span class='ocrx_word' id='word_1_177' title='bbox 205 2215 313 2296; x_wconf 85' lang='lat' dir='ltr'>Neque</span> <span class='ocrx_word' id='word_1_178' title='bbox 342 2233 415 2280; x_wconf 85' lang='lat' dir='ltr'>vero</span> <span class='ocrx_word' id='word_1_179' title='bbox 443 2215 594 2282; x_wconf 84' lang='grc'>11111111</span> <span class='ocrx_word' id='word_1_180' title='bbox 621 2217 786 2300; x_wconf 85' lang='lat' dir='ltr'>collegisse</span> <span class='ocrx_word' id='word_1_181' title='bbox 813 2215 891 2281; x_wconf 89' lang='lat' dir='ltr'>satis</span> <span class='ocrx_word' id='word_1_182' title='bbox 917 2215 1069 2292; x_wconf 86' lang='lat' dir='ltr'>habebat,</span> <span class='ocrx_word' id='word_1_183' title='bbox 1103 2212 1157 2278; x_wconf 89' lang='lat' dir='ltr'>sed</span> <span class='ocrx_word' id='word_1_184' title='bbox 1185 2211 1342 2293; x_wconf 89' lang='lat' dir='ltr'>mancipia</span> 
     </span>
     <span class='ocr_line' id='line_1_22' title="bbox 205 2295 1444 2384; baseline -0.004 -19"><span class='ocrx_word' id='word_1_185' title='bbox 205 2319 326 2383; x_wconf 89' lang='lat' dir='ltr'>quoque</span> <span class='ocrx_word' id='word_1_186' title='bbox 355 2299 569 2378; x_wconf 86' lang='lat' dir='ltr'>desiderabat,</span> <span class='ocrx_word' id='word_1_187' title='bbox 603 2303 641 2366; x_wconf 91' lang='lat' dir='ltr'>de</span> <span class='ocrx_word' id='word_1_188' title='bbox 670 2320 799 2383; x_wconf 90' lang='lat' dir='ltr'>quorum</span> <span class='ocrx_word' id='word_1_189' title='bbox 827 2319 886 2366; x_wconf 91' lang='lat' dir='ltr'>usu</span> <span class='ocrx_word' id='word_1_190' title='bbox 914 2299 1066 2384; x_wconf 91' lang='lat' dir='ltr'>qnomodo</span> <span class='ocrx_word' id='word_1_191' title='bbox 1092 2299 1161 2364; x_wconf 92' lang='lat' dir='ltr'>tnm</span> <span class='ocrx_word' id='word_1_192' title='bbox 1191 2295 1341 2380; x_wconf 91' lang='lat' dir='ltr'>temporis</span> <span class='ocrx_word' id='word_1_193' title='bbox 1439 2365 1444 2374; x_wconf 64' lang='grc'>,</span> 
     </span>
     <span class='ocr_line' id='line_1_23' title="bbox 206 2382 1340 2470; baseline -0.005 -16"><span class='ocrx_word' id='word_1_194' title='bbox 206 2387 301 2470; x_wconf 85' lang='lat' dir='ltr'>uulgo</span> <span class='ocrx_word' id='word_1_195' title='bbox 323 2386 495 2452; x_wconf 89' lang='lat' dir='ltr'>indicatum</span> <span class='ocrx_word' id='word_1_196' title='bbox 519 2386 571 2464; x_wconf 91' lang='lat' dir='ltr'>sit,</span> <span class='ocrx_word' id='word_1_197' title='bbox 594 2386 686 2452; x_wconf 87' lang='lat' dir='ltr'>facile</span> <span class='ocrx_word' id='word_1_198' title='bbox 709 2405 745 2450; x_wconf 84' lang='lat' dir='ltr'>ex</span> <span class='ocrx_word' id='word_1_199' title='bbox 767 2386 811 2451; x_wconf 85' lang='lat' dir='ltr'>eis</span> <span class='ocrx_word' id='word_1_200' title='bbox 834 2403 1012 2469; x_wconf 87' lang='lat' dir='ltr'>cognoscas,</span> <span class='ocrx_word' id='word_1_201' title='bbox 1035 2402 1113 2466; x_wconf 88' lang='lat' dir='ltr'>qnae</span> <span class='ocrx_word' id='word_1_202' title='bbox 1135 2382 1340 2468; x_wconf 81' lang='lat' dir='ltr'>Symmachus</span> 
     </span>
     <span class='ocr_line' id='line_1_24' title="bbox 212 2468 1342 2557; baseline -0.004 -20"><span class='ocrx_word' id='word_1_203' title='bbox 212 2471 251 2537; x_wconf 93' lang='lat' dir='ltr'>ad</span> <span class='ocrx_word' id='word_1_204' title='bbox 272 2471 461 2538; x_wconf 80' lang='lat' dir='ltr'>Flavianum</span> <span class='ocrx_word' id='word_1_205' title='bbox 484 2471 619 2538; x_wconf 91' lang='lat' dir='ltr'>amioum</span> <span class='ocrx_word' id='word_1_206' title='bbox 643 2470 769 2554; x_wconf 86' lang='lat' dir='ltr'>scripsit</span> <span class='ocrx_word' id='word_1_207' title='bbox 794 2490 840 2553; x_wconf 91' lang='lat' dir='ltr'>ep.</span> <span class='ocrx_word' id='word_1_208' title='bbox 862 2472 900 2550; x_wconf 93' lang='grc'>2,</span> <span class='ocrx_word' id='word_1_209' title='bbox 930 2472 987 2538; x_wconf 76' lang='grc'>78,</span> <span class='ocrx_word' id='word_1_210' title='bbox 1018 2472 1079 2557; x_wconf 80' lang='grc'>,,11</span> <span class='ocrx_word' id='word_1_211' title='bbox 1107 2468 1255 2551; x_wconf 90' lang='lat' dir='ltr'>quoniam</span> <span class='ocrx_word' id='word_1_212' title='bbox 1277 2487 1342 2534; x_wconf 90' lang='lat' dir='ltr'>ser-</span> 
     </span>
     <span class='ocr_line' id='line_1_25' title="bbox 186 2553 1342 2640; baseline 0.003 -24"><span class='ocrx_word' id='word_1_213' title='bbox 186 2574 318 2623; x_wconf 55' lang='lat' dir='ltr'>,rorum</span> <span class='ocrx_word' id='word_1_214' title='bbox 340 2577 396 2640; x_wconf 90' lang='lat' dir='ltr'>per</span> <span class='ocrx_word' id='word_1_215' title='bbox 418 2556 555 2622; x_wconf 89' lang='lat' dir='ltr'>limitem</span> <span class='ocrx_word' id='word_1_216' title='bbox 577 2555 680 2623; x_wconf 86' lang='lat' dir='ltr'>facilis</span> <span class='ocrx_word' id='word_1_217' title='bbox 702 2555 841 2623; x_wconf 80' lang='grc'>11111111</span> <span class='ocrx_word' id='word_1_218' title='bbox 863 2559 895 2623; x_wconf 89' lang='grc'>11</span> <span class='ocrx_word' id='word_1_219' title='bbox 915 2556 1050 2640; x_wconf 89' lang='lat' dir='ltr'>pretium</span> <span class='ocrx_word' id='word_1_220' title='bbox 1072 2555 1153 2621; x_wconf 90' lang='lat' dir='ltr'>solet</span> <span class='ocrx_word' id='word_1_221' title='bbox 1175 2573 1241 2621; x_wconf 87' lang='lat' dir='ltr'>esse</span> <span class='ocrx_word' id='word_1_222' title='bbox 1262 2553 1342 2620; x_wconf 85' lang='lat' dir='ltr'>tole·</span> 
     </span>
     <span class='ocr_line' id='line_1_26' title="bbox 209 2641 1342 2725; baseline -0.003 -19"><span class='ocrx_word' id='word_1_223' title='bbox 209 2642 325 2719; x_wconf 88' lang='lat' dir='ltr'>rabile,</span> <span class='ocrx_word' id='word_1_224' title='bbox 361 2660 456 2724; x_wconf 92' lang='lat' dir='ltr'>quam</span> <span class='ocrx_word' id='word_1_225' title='bbox 477 2643 613 2708; x_wconf 87' lang='lat' dir='ltr'>maxime</span> <span class='ocrx_word' id='word_1_226' title='bbox 639 2643 672 2708; x_wconf 91' lang='lat' dir='ltr'>te</span> <span class='ocrx_word' id='word_1_227' title='bbox 698 2644 860 2725; x_wconf 89' lang='lat' dir='ltr'>deprecor,</span> <span class='ocrx_word' id='word_1_228' title='bbox 893 2643 931 2708; x_wconf 92' lang='lat' dir='ltr'>ut</span> <span class='ocrx_word' id='word_1_229' title='bbox 957 2662 1012 2725; x_wconf 92' lang='lat' dir='ltr'>per</span> <span class='ocrx_word' id='word_1_230' title='bbox 1033 2641 1177 2708; x_wconf 91' lang='lat' dir='ltr'>homines</span> <span class='ocrx_word' id='word_1_231' title='bbox 1200 2641 1342 2705; x_wconf 88' lang='lat' dir='ltr'>strenuos</span> 
     </span>
     <span class='ocr_line' id='line_1_27' title="bbox 209 2726 1342 2813; baseline 0 -23"><span class='ocrx_word' id='word_1_232' title='bbox 209 2727 324 2809; x_wconf 82' lang='lat' dir='ltr'>uiginti</span> <span class='ocrx_word' id='word_1_233' title='bbox 353 2727 479 2792; x_wconf 89' lang='lat' dir='ltr'>invenes</span> <span class='ocrx_word' id='word_1_234' title='bbox 507 2727 665 2810; x_wconf 84' lang='lat' dir='ltr'>praedicto</span> <span class='ocrx_word' id='word_1_235' title='bbox 692 2728 818 2813; x_wconf 92' lang='lat' dir='ltr'>negotio</span> <span class='ocrx_word' id='word_1_236' title='bbox 848 2729 1052 2813; x_wconf 84' lang='lat' dir='ltr'>congruentes</span> <span class='ocrx_word' id='word_1_237' title='bbox 1080 2726 1189 2792; x_wconf 91' lang='lat' dir='ltr'>iubeas</span> <span class='ocrx_word' id='word_1_238' title='bbox 1217 2743 1342 2808; x_wconf 87' lang='lat' dir='ltr'>compa·</span> 
     </span>
     <span class='ocr_line' id='line_1_28' title="bbox 211 2809 1344 2894; baseline 0.002 -20"><span class='ocrx_word' id='word_1_239' title='bbox 211 2811 275 2874; x_wconf 90' lang='lat' dir='ltr'>rari</span> <span class='ocrx_word' id='word_1_240' title='bbox 299 2859 306 2873; x_wconf 93' lang='lat'>.</span> <span class='ocrx_word' id='word_1_241' title='bbox 331 2862 337 2874; x_wconf 91' lang='lat'>.</span> <span class='ocrx_word' id='word_1_242' title='bbox 364 2861 372 2876; x_wconf 89' lang='lat'>.</span> <span class='ocrx_word' id='word_1_243' title='bbox 395 2827 525 2894; x_wconf 92' lang='lat' dir='ltr'>quorum</span> <span class='ocrx_word' id='word_1_244' title='bbox 547 2832 609 2878; x_wconf 92' lang='lat' dir='ltr'>non</span> <span class='ocrx_word' id='word_1_245' title='bbox 630 2813 746 2890; x_wconf 85' lang='lat' dir='ltr'>forma,</span> <span class='ocrx_word' id='word_1_246' title='bbox 781 2815 836 2879; x_wconf 88' lang='lat' dir='ltr'>sed</span> <span class='ocrx_word' id='word_1_247' title='bbox 863 2815 949 2878; x_wconf 87' lang='lat' dir='ltr'>aetas</span> <span class='ocrx_word' id='word_1_248' title='bbox 977 2813 1009 2878; x_wconf 90' lang='lat' dir='ltr'>et</span> <span class='ocrx_word' id='word_1_249' title='bbox 1037 2811 1156 2877; x_wconf 90' lang='lat' dir='ltr'>sanitas</span> <span class='ocrx_word' id='word_1_250' title='bbox 1179 2809 1344 2891; x_wconf 87' lang='lat' dir='ltr'>deligenda</span> 
     </span>
     <span class='ocr_line' id='line_1_29' title="bbox 210 2896 1342 2982; baseline -0.001 -22"><span class='ocrx_word' id='word_1_251' title='bbox 210 2899 287 2960; x_wconf 84' lang='lat' dir='ltr'>est.“</span> <span class='ocrx_word' id='word_1_252' title='bbox 311 2896 371 2961; x_wconf 87' lang='lat' dir='ltr'>His</span> <span class='ocrx_word' id='word_1_253' title='bbox 396 2897 539 2962; x_wconf 89' lang='lat' dir='ltr'>ludorum</span> <span class='ocrx_word' id='word_1_254' title='bbox 561 2899 642 2964; x_wconf 86' lang='lat' dir='ltr'>curis</span> <span class='ocrx_word' id='word_1_255' title='bbox 664 2900 831 2982; x_wconf 88' lang='lat' dir='ltr'>occupatus</span> <span class='ocrx_word' id='word_1_256' title='bbox 848 2901 880 2964; x_wconf 92' lang='lat' dir='ltr'>et</span> <span class='ocrx_word' id='word_1_257' title='bbox 894 2897 1065 2982; x_wconf 84' lang='lat' dir='ltr'>impeditus</span> <span class='ocrx_word' id='word_1_258' title='bbox 1088 2897 1202 2964; x_wconf 88' lang='lat' dir='ltr'>amieos</span> <span class='ocrx_word' id='word_1_259' title='bbox 1225 2913 1342 2973; x_wconf 88' lang='lat' dir='ltr'>omnes,</span> 
     </span>
     <span class='ocr_line' id='line_1_30' title="bbox 209 2980 1344 3069; baseline 0 -24"><span class='ocrx_word' id='word_1_260' title='bbox 209 2982 245 3045; x_wconf 92' lang='lat' dir='ltr'>ut</span> <span class='ocrx_word' id='word_1_261' title='bbox 267 2981 359 3047; x_wconf 86' lang='lat' dir='ltr'>fidem</span> <span class='ocrx_word' id='word_1_262' title='bbox 390 2982 421 3046; x_wconf 91' lang='lat' dir='ltr'>et</span> <span class='ocrx_word' id='word_1_263' title='bbox 442 2980 639 3066; x_wconf 86' lang='lat' dir='ltr'>diligentiam</span> <span class='ocrx_word' id='word_1_264' title='bbox 666 2986 826 3065; x_wconf 87' lang='lat' dir='ltr'>praestent</span> <span class='ocrx_word' id='word_1_265' title='bbox 855 2986 924 3050; x_wconf 86' lang='lat' dir='ltr'>orat</span> <span class='ocrx_word' id='word_1_266' title='bbox 946 2983 1007 3069; x_wconf 93' lang='lat' dir='ltr'>(ep.</span> <span class='ocrx_word' id='word_1_267' title='bbox 1030 2985 1066 3061; x_wconf 88' lang='lat'>4,</span> <span class='ocrx_word' id='word_1_268' title='bbox 1096 2983 1147 3066; x_wconf 90' lang='grc'>8),</span> <span class='ocrx_word' id='word_1_269' title='bbox 1181 2983 1344 3064; x_wconf 91' lang='lat' dir='ltr'>ipsumque</span> 
     </span>
     <span class='ocr_line' id='line_1_31' title="bbox 209 3065 1343 3153; baseline 0.001 -23"><span class='ocrx_word' id='word_1_270' title='bbox 209 3066 383 3149; x_wconf 89' lang='lat' dir='ltr'>Hispaniae</span> <span class='ocrx_word' id='word_1_271' title='bbox 406 3065 557 3146; x_wconf 75' lang='lat' dir='ltr'>ricarium</span> <span class='ocrx_word' id='word_1_272' title='bbox 584 3071 729 3153; x_wconf 88' lang='lat' dir='ltr'>precibus</span> <span class='ocrx_word' id='word_1_273' title='bbox 757 3070 940 3135; x_wconf 89' lang='lat' dir='ltr'>obtestatur.</span> <span class='ocrx_word' id='word_1_274' title='bbox 986 3068 1180 3150; x_wconf 83' lang='lat' dir='ltr'>Quantopere</span> <span class='ocrx_word' id='word_1_275' title='bbox 1208 3066 1258 3134; x_wconf 84' lang='lat' dir='ltr'>vir</span> <span class='ocrx_word' id='word_1_276' title='bbox 1278 3067 1343 3144; x_wconf 89' lang='lat' dir='ltr'>ille,</span> 
     </span>
     <span class='ocr_line' id='line_1_32' title="bbox 209 3151 1340 3238; baseline 0.001 -22"><span class='ocrx_word' id='word_1_277' title='bbox 209 3151 263 3233; x_wconf 93' lang='lat' dir='ltr'>qui</span> <span class='ocrx_word' id='word_1_278' title='bbox 286 3151 413 3234; x_wconf 91' lang='lat' dir='ltr'>reliquis</span> <span class='ocrx_word' id='word_1_279' title='bbox 436 3152 469 3217; x_wconf 93' lang='lat' dir='ltr'>in</span> <span class='ocrx_word' id='word_1_280' title='bbox 491 3155 582 3220; x_wconf 91' lang='lat' dir='ltr'>rebus</span> <span class='ocrx_word' id='word_1_281' title='bbox 605 3174 704 3237; x_wconf 90' lang='lat' dir='ltr'>neque</span> <span class='ocrx_word' id='word_1_282' title='bbox 727 3156 879 3237; x_wconf 91' lang='lat' dir='ltr'>superbus</span> <span class='ocrx_word' id='word_1_283' title='bbox 902 3173 1001 3238; x_wconf 90' lang='lat' dir='ltr'>neque</span> <span class='ocrx_word' id='word_1_284' title='bbox 1030 3153 1147 3238; x_wconf 90' lang='lat' dir='ltr'>gloriae</span> <span class='ocrx_word' id='word_1_285' title='bbox 1169 3153 1220 3218; x_wconf 85' lang='lat' dir='ltr'>uel</span> <span class='ocrx_word' id='word_1_286' title='bbox 1241 3170 1340 3235; x_wconf 93' lang='lat' dir='ltr'>popu·</span> 
     </span>
     <span class='ocr_line' id='line_1_33' title="bbox 210 3236 1344 3340; baseline -0.001 -38"><span class='ocrx_word' id='word_1_287' title='bbox 210 3236 285 3302; x_wconf 91' lang='lat' dir='ltr'>laris</span> <span class='ocrx_word' id='word_1_288' title='bbox 309 3238 412 3336; x_wconf 38' lang='lat' dir='ltr'>studii·</span> <span class='ocrx_word' id='word_1_289' title='bbox 431 3239 579 3339; x_wconf 82' lang='lat' dir='ltr'>appetens</span> <span class='ocrx_word' id='word_1_290' title='bbox 601 3241 710 3319; x_wconf 77' lang='lat' dir='ltr'>fuerit,</span> <span class='ocrx_word' id='word_1_291' title='bbox 734 3240 768 3304; x_wconf 91' lang='lat' dir='ltr'>in</span> <span class='ocrx_word' id='word_1_292' title='bbox 789 3239 865 3322; x_wconf 88' lang='lat' dir='ltr'>ipsis</span> <span class='ocrx_word' id='word_1_293' title='bbox 887 3241 1013 3340; x_wconf 26' lang='lat' dir='ltr'>ludisne</span> <span class='ocrx_word' id='word_1_294' title='bbox 1033 3239 1132 3322; x_wconf 88' lang='lat' dir='ltr'>plebis</span> <span class='ocrx_word' id='word_1_295' title='bbox 1155 3237 1269 3302; x_wconf 88' lang='lat' dir='ltr'>iudicio</span> <span class='ocrx_word' id='word_1_296' title='bbox 1290 3255 1344 3336; x_wconf 85' lang='lat' dir='ltr'>ps·</span> 
     </span>
     <span class='ocr_line' id='line_1_34' title="bbox 209 3322 1344 3508; baseline -0.001 -35"><span class='ocrx_word' id='word_1_297' title='bbox 209 3322 378 3507; x_wconf 64' lang='lat' dir='ltr'>tilleto</span> <span class='ocrx_word' id='word_1_298' title='bbox 395 3325 945 3508; x_wconf 46' lang='lat' dir='ltr'>‚allsaelltlltlllttlffl</span> <span class='ocrx_word' id='word_1_299' title='bbox 958 3324 1140 3492; x_wconf 62' lang='grc'>11111</span> <span class='ocrx_word' id='word_1_300' title='bbox 1154 3323 1344 3473; x_wconf 47' lang='lat' dir='ltr'>adludit</span> 
     </span>
     <span class='ocr_line' id='line_1_35' title="bbox 209 3493 1359 3578; baseline 0.003 -21"><span class='ocrx_word' id='word_1_301' title='bbox 209 3493 456 3559; x_wconf 86' lang='lat' dir='ltr'>munrfioentram</span> <span class='ocrx_word' id='word_1_302' title='bbox 488 3497 598 3563; x_wconf 90' lang='lat' dir='ltr'>domus</span> <span class='ocrx_word' id='word_1_303' title='bbox 627 3497 750 3562; x_wconf 90' lang='lat' dir='ltr'>nostrae</span> <span class='ocrx_word' id='word_1_304' title='bbox 777 3498 809 3561; x_wconf 91' lang='grc'>11</span> <span class='ocrx_word' id='word_1_305' title='bbox 837 3495 895 3560; x_wconf 89' lang='grc'>1111</span> <span class='ocrx_word' id='word_1_306' title='bbox 926 3496 988 3560; x_wconf 92' lang='lat' dir='ltr'>mei</span> <span class='ocrx_word' id='word_1_307' title='bbox 1017 3493 1227 3578; x_wconf 89' lang='lat' dir='ltr'>quaestoriam</span> <span class='ocrx_word' id='word_1_308' title='bbox 1256 3495 1359 3560; x_wconf 75' lang='lat' dir='ltr'>func&#39;</span> 
     </span>
     <span class='ocr_line' id='line_1_36' title="bbox 210 3577 1345 3664; baseline 0 -21"><span class='ocrx_word' id='word_1_309' title='bbox 210 3578 329 3644; x_wconf 92' lang='lat' dir='ltr'>tionem</span> <span class='ocrx_word' id='word_1_310' title='bbox 351 3579 431 3645; x_wconf 90' lang='lat' dir='ltr'>nihil</span> <span class='ocrx_word' id='word_1_311' title='bbox 454 3581 492 3646; x_wconf 93' lang='lat' dir='ltr'>de</span> <span class='ocrx_word' id='word_1_312' title='bbox 514 3582 604 3648; x_wconf 87' lang='lat' dir='ltr'>nobis</span> <span class='ocrx_word' id='word_1_313' title='bbox 627 3582 780 3649; x_wconf 87' lang='lat' dir='ltr'>mediocre</span> <span class='ocrx_word' id='word_1_314' title='bbox 802 3581 993 3664; x_wconf 85' lang='lat' dir='ltr'>promittit“,</span> <span class='ocrx_word' id='word_1_315' title='bbox 1016 3584 1047 3647; x_wconf 90' lang='lat' dir='ltr'>et</span> <span class='ocrx_word' id='word_1_316' title='bbox 1069 3581 1106 3644; x_wconf 91' lang='lat' dir='ltr'>ut</span> <span class='ocrx_word' id='word_1_317' title='bbox 1128 3577 1244 3657; x_wconf 90' lang='lat' dir='ltr'>omnia,</span> <span class='ocrx_word' id='word_1_318' title='bbox 1268 3597 1345 3662; x_wconf 88' lang='lat' dir='ltr'>qnae</span> 
     </span>
     <span class='ocr_line' id='line_1_37' title="bbox 210 3664 1346 3751; baseline -0.002 -21"><span class='ocrx_word' id='word_1_319' title='bbox 210 3665 361 3743; x_wconf 89' lang='lat' dir='ltr'>laudaret,</span> <span class='ocrx_word' id='word_1_320' title='bbox 386 3666 534 3749; x_wconf 80' lang='lat' dir='ltr'>exemplis</span> <span class='ocrx_word' id='word_1_321' title='bbox 556 3670 588 3733; x_wconf 91' lang='grc'>11</span> <span class='ocrx_word' id='word_1_322' title='bbox 611 3667 802 3751; x_wconf 87' lang='lat' dir='ltr'>argumentis</span> <span class='ocrx_word' id='word_1_323' title='bbox 825 3687 860 3732; x_wconf 82' lang='lat' dir='ltr'>er</span> <span class='ocrx_word' id='word_1_324' title='bbox 884 3667 1072 3750; x_wconf 84' lang='lat' dir='ltr'>antiquitate</span> <span class='ocrx_word' id='word_1_325' title='bbox 1092 3664 1200 3747; x_wconf 87' lang='lat' dir='ltr'>petitis</span> <span class='ocrx_word' id='word_1_326' title='bbox 1222 3665 1346 3729; x_wconf 89' lang='lat' dir='ltr'>snsten-</span> 
     </span>
     <span class='ocr_line' id='line_1_38' title="bbox 211 3747 1345 3835; baseline -0.001 -21"><span class='ocrx_word' id='word_1_327' title='bbox 211 3751 277 3814; x_wconf 90' lang='lat' dir='ltr'>tare</span> <span class='ocrx_word' id='word_1_328' title='bbox 299 3750 437 3828; x_wconf 88' lang='lat' dir='ltr'>solebat,</span> <span class='ocrx_word' id='word_1_329' title='bbox 461 3752 525 3817; x_wconf 90' lang='lat' dir='ltr'>iam</span> <span class='ocrx_word' id='word_1_330' title='bbox 548 3753 661 3826; x_wconf 87' lang='lat' dir='ltr'>etiam,</span> <span class='ocrx_word' id='word_1_331' title='bbox 690 3754 727 3818; x_wconf 92' lang='lat' dir='ltr'>ut</span> <span class='ocrx_word' id='word_1_332' title='bbox 754 3753 898 3818; x_wconf 89' lang='lat' dir='ltr'>ludorum</span> <span class='ocrx_word' id='word_1_333' title='bbox 920 3752 1113 3835; x_wconf 90' lang='lat' dir='ltr'>splendorem</span> <span class='ocrx_word' id='word_1_334' title='bbox 1136 3747 1270 3813; x_wconf 88' lang='lat' dir='ltr'>nimium</span> <span class='ocrx_word' id='word_1_335' title='bbox 1291 3749 1345 3813; x_wconf 92' lang='lat' dir='ltr'>de·</span> 
     </span>
     <span class='ocr_line' id='line_1_39' title="bbox 210 3833 1346 3932; baseline -0.001 -33"><span class='ocrx_word' id='word_1_336' title='bbox 210 3835 347 3900; x_wconf 86' lang='lat' dir='ltr'>fenderet</span> <span class='ocrx_word' id='word_1_337' title='bbox 367 3838 499 3917; x_wconf 88' lang='lat' dir='ltr'>patrono</span> <span class='ocrx_word' id='word_1_338' title='bbox 522 3838 623 3903; x_wconf 91' lang='lat' dir='ltr'>utitur</span> <span class='ocrx_word' id='word_1_339' title='bbox 645 3843 711 3920; x_wconf 91' lang='lat' dir='ltr'>ipso</span> <span class='ocrx_word' id='word_1_340' title='bbox 733 3837 777 3902; x_wconf 91' lang='lat' dir='ltr'>M.</span> <span class='ocrx_word' id='word_1_341' title='bbox 795 3837 910 3913; x_wconf 81' lang='lat' dir='ltr'>Tullio,</span> <span class='ocrx_word' id='word_1_342' title='bbox 933 3855 1004 3902; x_wconf 91' lang='lat' dir='ltr'>oum</span> <span class='ocrx_word' id='word_1_343' title='bbox 1026 3837 1059 3901; x_wconf 93' lang='lat' dir='ltr'>in</span> <span class='ocrx_word' id='word_1_344' title='bbox 1082 3834 1190 3900; x_wconf 89' lang='lat' dir='ltr'>eadem</span> <span class='ocrx_word' id='word_1_345' title='bbox 1212 3833 1346 3932; x_wconf 88' lang='lat' dir='ltr'>epistola</span> 
     </span>
     <span class='ocr_line' id='line_1_40' title="bbox 211 3919 1344 4007; baseline 0 -23"><span class='ocrx_word' id='word_1_346' title='bbox 211 3919 257 3984; x_wconf 88' lang='lat' dir='ltr'>sic</span> <span class='ocrx_word' id='word_1_347' title='bbox 279 3923 403 4004; x_wconf 90' lang='lat' dir='ltr'>pergat:</span> <span class='ocrx_word' id='word_1_348' title='bbox 436 3922 522 4007; x_wconf 82' lang='lat' dir='ltr'>„Seis</span> <span class='ocrx_word' id='word_1_349' title='bbox 546 3924 631 3990; x_wconf 89' lang='lat' dir='ltr'>enim</span> <span class='ocrx_word' id='word_1_350' title='bbox 652 3942 707 4006; x_wconf 90' lang='lat' dir='ltr'>pro</span> <span class='ocrx_word' id='word_1_351' title='bbox 729 3927 785 3989; x_wconf 90' lang='lat' dir='ltr'>tna</span> <span class='ocrx_word' id='word_1_352' title='bbox 807 3922 977 4006; x_wconf 90' lang='lat' dir='ltr'>sapientia,</span> <span class='ocrx_word' id='word_1_353' title='bbox 1011 3939 1144 4005; x_wconf 88' lang='lat' dir='ltr'>magnae</span> <span class='ocrx_word' id='word_1_354' title='bbox 1166 3919 1253 3985; x_wconf 84' lang='lat' dir='ltr'>urbis</span> <span class='ocrx_word' id='word_1_355' title='bbox 1276 3937 1344 3984; x_wconf 91' lang='lat' dir='ltr'>ma-</span> 
     </span>
     <span class='ocr_line' id='line_1_41' title="bbox 211 4004 1344 4092; baseline 0 -24"><span class='ocrx_word' id='word_1_356' title='bbox 211 4004 395 4088; x_wconf 86' lang='lat' dir='ltr'>gistratibus</span> <span class='ocrx_word' id='word_1_357' title='bbox 419 4009 569 4092; x_wconf 89' lang='lat' dir='ltr'>angustos</span> <span class='ocrx_word' id='word_1_358' title='bbox 589 4008 713 4074; x_wconf 86' lang='lat' dir='ltr'>animos</span> <span class='ocrx_word' id='word_1_359' title='bbox 736 4027 798 4073; x_wconf 91' lang='lat' dir='ltr'>non</span> <span class='ocrx_word' id='word_1_360' title='bbox 822 4007 995 4074; x_wconf 88' lang='lat' dir='ltr'>convenire.</span> <span class='ocrx_word' id='word_1_361' title='bbox 1025 4007 1093 4071; x_wconf 91' lang='lat' dir='ltr'>Hoo</span> <span class='ocrx_word' id='word_1_362' title='bbox 1115 4005 1200 4071; x_wconf 92' lang='lat' dir='ltr'>enim</span> <span class='ocrx_word' id='word_1_363' title='bbox 1222 4004 1344 4069; x_wconf 81' lang='lat' dir='ltr'>Tullius</span> 
     </span>
     <span class='ocr_line' id='line_1_42' title="bbox 210 4089 1345 4177; baseline -0.002 -21"><span class='ocrx_word' id='word_1_364' title='bbox 210 4092 282 4156; x_wconf 90' lang='lat' dir='ltr'>tuus</span> <span class='ocrx_word' id='word_1_365' title='bbox 305 4092 466 4173; x_wconf 88' lang='lat' dir='ltr'>praecipit,</span> <span class='ocrx_word' id='word_1_366' title='bbox 489 4093 597 4157; x_wconf 84' lang='lat' dir='ltr'>lurum</span> <span class='ocrx_word' id='word_1_367' title='bbox 620 4093 653 4158; x_wconf 93' lang='lat' dir='ltr'>in</span> <span class='ocrx_word' id='word_1_368' title='bbox 675 4094 809 4177; x_wconf 84' lang='lat' dir='ltr'>priuatis</span> <span class='ocrx_word' id='word_1_369' title='bbox 832 4093 965 4177; x_wconf 89' lang='lat' dir='ltr'>negotiis</span> <span class='ocrx_word' id='word_1_370' title='bbox 989 4110 1133 4176; x_wconf 86' lang='lat' dir='ltr'>urguens,</span> <span class='ocrx_word' id='word_1_371' title='bbox 1156 4091 1190 4155; x_wconf 94' lang='lat' dir='ltr'>in</span> <span class='ocrx_word' id='word_1_372' title='bbox 1210 4089 1345 4171; x_wconf 90' lang='lat' dir='ltr'>publicis</span> 
     </span>
     <span class='ocr_line' id='line_1_43' title="bbox 209 4174 1345 4260; baseline -0.001 -19"><span class='ocrx_word' id='word_1_373' title='bbox 209 4176 478 4259; x_wconf 86' lang='lat' dir='ltr'>magnificentiam</span> <span class='ocrx_word' id='word_1_374' title='bbox 511 4178 674 4258; x_wconf 86' lang='lat' dir='ltr'>probans.“</span> <span class='ocrx_word' id='word_1_375' title='bbox 721 4179 903 4255; x_wconf 86' lang='lat' dir='ltr'>Pecuniam,</span> <span class='ocrx_word' id='word_1_376' title='bbox 937 4195 999 4260; x_wconf 87' lang='lat' dir='ltr'>qua</span> <span class='ocrx_word' id='word_1_377' title='bbox 1031 4176 1099 4243; x_wconf 89' lang='lat' dir='ltr'>ludi</span> <span class='ocrx_word' id='word_1_378' title='bbox 1129 4174 1345 4254; x_wconf 86' lang='lat' dir='ltr'>constiterunt,</span> 
     </span>
     <span class='ocr_line' id='line_1_44' title="bbox 82 4252 1344 4345; baseline -0.001 -19"><span class='ocrx_word' id='word_1_379' title='bbox 82 4273 87 4284; x_wconf 84' lang='lat'><em>&#39;</em></span> <span class='ocrx_word' id='word_1_380' title='bbox 208 4260 339 4326; x_wconf 89' lang='lat' dir='ltr'>Photius</span> <span class='ocrx_word' id='word_1_381' title='bbox 361 4260 473 4326; x_wconf 88' lang='lat' dir='ltr'>definit</span> <span class='ocrx_word' id='word_1_382' title='bbox 494 4262 527 4326; x_wconf 90' lang='lat' dir='ltr'>in</span> <span class='ocrx_word' id='word_1_383' title='bbox 550 4263 624 4328; x_wconf 88' lang='lat' dir='ltr'>bibl.</span> <span class='ocrx_word' id='word_1_384' title='bbox 643 4264 709 4329; x_wconf 91' lang='lat' dir='ltr'>cod.</span> <span class='ocrx_word' id='word_1_385' title='bbox 726 4264 777 4341; x_wconf 89' lang='grc'>89,</span> <span class='ocrx_word' id='word_1_386' title='bbox 801 4283 831 4345; x_wconf 90' lang='lat' dir='ltr'>p.</span> <span class='ocrx_word' id='word_1_387' title='bbox 847 4263 920 4328; x_wconf 85' lang='grc'>631</span> <span class='ocrx_word' id='word_1_388' title='bbox 936 4263 1073 4328; x_wconf 85' lang='lat' dir='ltr'>Bekker:</span> <span class='ocrx_word' id='word_1_389' title='bbox 1097 4252 1294 4344; x_wconf 77' lang='grc' dir='ltr'>Σύμμαχος.</span> <span class='ocrx_word' id='word_1_390' title='bbox 1313 4310 1344 4325; x_wconf 95' lang='grc'>..</span> 
     </span>
     <span class='ocr_line' id='line_1_45' title="bbox 208 4337 1347 4518; baseline 0.003 -24"><span class='ocrx_word' id='word_1_391' title='bbox 208 4337 1347 4518; x_wconf 65' lang='grc'>11111111111111111111.111111</span> 
     </span>
    </p>
   </div>
   <div class='ocr_carea' id='block_1_3' title="bbox 209 4515 1395 4604">
    <p class='ocr_par' dir='ltr' id='par_1_3' title="bbox 209 4515 1395 4604">
     <span class='ocr_line' id='line_1_46' title="bbox 209 4515 1395 4604; baseline 0.006 -26"><span class='ocrx_word' id='word_1_392' title='bbox 209 4515 343 4596; x_wconf 88' lang='lat' dir='ltr'>peratori</span> <span class='ocrx_word' id='word_1_393' title='bbox 365 4537 401 4584; x_wconf 90' lang='lat' dir='ltr'>ns</span> <span class='ocrx_word' id='word_1_394' title='bbox 422 4519 548 4602; x_wconf 84' lang='lat' dir='ltr'>petiuit,</span> <span class='ocrx_word' id='word_1_395' title='bbox 575 4520 629 4600; x_wconf 91' lang='grc'>,11</span> <span class='ocrx_word' id='word_1_396' title='bbox 652 4519 826 4604; x_wconf 83' lang='lat' dir='ltr'>voluptates</span> <span class='ocrx_word' id='word_1_397' title='bbox 849 4519 985 4588; x_wconf 85' lang='lat' dir='ltr'>scenicas</span> <span class='ocrx_word' id='word_1_398' title='bbox 1007 4519 1040 4584; x_wconf 92' lang='lat' dir='ltr'>et</span> <span class='ocrx_word' id='word_1_399' title='bbox 1061 4519 1182 4588; x_wconf 85' lang='lat' dir='ltr'>curules</span> <span class='ocrx_word' id='word_1_400' title='bbox 1205 4518 1240 4582; x_wconf 89' lang='lat' dir='ltr'>iu</span> <span class='ocrx_word' id='word_1_401' title='bbox 1263 4515 1342 4586; x_wconf 83' lang='lat' dir='ltr'>circo</span> <span class='ocrx_word' id='word_1_402' title='bbox 1393 4595 1395 4602; x_wconf 18' lang='grc' dir='ltr'><strong><em>Α</em></strong></span> 
     </span>
    </p>
   </div>
   <div class='ocr_carea' id='block_1_4' title="bbox 0 0 1621 5012">
    <p class='ocr_par' dir='ltr' id='par_1_4' title="bbox 0 0 1621 5012">
     <span class='ocr_line' id='line_1_47' title="bbox 0 0 1621 5012; baseline 0 0"><span class='ocrx_word' id='word_1_403' title='bbox 0 0 1621 5012; x_wconf 95' lang='lat' dir='ltr'> </span> 
     </span>
    </p>
   </div>
  </div>
 </body>
</html>
